  <div class='ocr_page' id='page_1' title='image "/cluster/home/n/w/nwhite01/storage/ocr_20150623/149:no.2/coo.31924054870542/374.png"; bbox 0 0 4048 6470; ppageno 0'>
   <div class='ocr_carea' id='block_1_1' title="bbox 330 300 431 363">
    <p class='ocr_par' dir='ltr' id='par_1_1' title="bbox 330 300 431 363">
     <span class='ocr_line' id='line_1_1' title="bbox 330 300 431 363; baseline 0 -1"><span class='ocrx_word' id='word_1_1' title='bbox 330 300 431 363; x_wconf 74' lang='lat'><strong>731</strong></span> 
     </span>
    </p>
   </div>
   <div class='ocr_carea' id='block_1_2' title="bbox 1617 295 2367 354">
    <p class='ocr_par' dir='ltr' id='par_1_2' title="bbox 1617 295 2367 354">
     <span class='ocr_line' id='line_1_2' title="bbox 1617 295 2367 354; baseline -0.003 0"><span class='ocrx_word' id='word_1_2' title='bbox 1617 296 2058 354; x_wconf 76' lang='lat' dir='ltr'><strong>REFUTATIU</strong></span> <span class='ocrx_word' id='word_1_3' title='bbox 2134 295 2321 352; x_wconf 87' lang='lat' dir='ltr'><strong>NlLl.</strong></span> <span class='ocrx_word' id='word_1_4' title='bbox 2352 316 2367 333; x_wconf 68' lang='grc' dir='ltr'><em>κ</em></span> 
     </span>
    </p>
   </div>
   <div class='ocr_carea' id='block_1_3' title="bbox 3486 298 3594 360">
    <p class='ocr_par' dir='ltr' id='par_1_3' title="bbox 3486 298 3594 360">
     <span class='ocr_line' id='line_1_3' title="bbox 3486 298 3594 360; baseline 0.009 -3"><span class='ocrx_word' id='word_1_5' title='bbox 3486 298 3594 360; x_wconf 74' lang='grc'><strong>738</strong></span> 
     </span>
    </p>
   </div>
   <div class='ocr_carea' id='block_1_4' title="bbox 329 402 1902 479">
    <p class='ocr_par' dir='ltr' id='par_1_4' title="bbox 329 404 1902 477">
     <span class='ocr_line' id='line_1_4' title="bbox 329 404 1902 477; baseline -0.006 -12"><span class='ocrx_word' id='word_1_6' title='bbox 329 413 421 465; x_wconf 78' lang='grc' dir='ltr'>καὶ</span> <span class='ocrx_word' id='word_1_7' title='bbox 452 412 521 472; x_wconf 73' lang='grc' dir='ltr'><strong>τὰ</strong></span> <span class='ocrx_word' id='word_1_8' title='bbox 550 409 703 477; x_wconf 71' lang='grc' dir='ltr'>ἑξῆς.</span> <span class='ocrx_word' id='word_1_9' title='bbox 726 406 889 459; x_wconf 83' lang='grc' dir='ltr'>Ὅθεν</span> <span class='ocrx_word' id='word_1_10' title='bbox 912 404 1095 474; x_wconf 67' lang='grc' dir='ltr'>δῆλον,</span> <span class='ocrx_word' id='word_1_11' title='bbox 1121 405 1203 457; x_wconf 83' lang='grc' dir='ltr'>ὅτι</span> <span class='ocrx_word' id='word_1_12' title='bbox 1250 404 1309 456; x_wconf 86' lang='grc' dir='ltr'>ού</span> <span class='ocrx_word' id='word_1_13' title='bbox 1344 404 1493 474; x_wconf 81' lang='grc' dir='ltr'>παρὰ</span> <span class='ocrx_word' id='word_1_14' title='bbox 1520 404 1630 458; x_wconf 85' lang='grc' dir='ltr'><strong>τῶν</strong></span> <span class='ocrx_word' id='word_1_15' title='bbox 1666 405 1902 457; x_wconf 87' lang='grc' dir='ltr'>ἀποστό-</span> 
     </span>
    </p>
   </div>
   <div class='ocr_carea' id='block_1_5' title="bbox 2006 402 3589 479">
    <p class='ocr_par' dir='ltr' id='par_1_5' title="bbox 2009 402 3589 479">
     <span class='ocr_line' id='line_1_5' title="bbox 2009 402 3589 479; baseline 0.008 -23"><span class='ocrx_word' id='word_1_16' title='bbox 2009 402 2077 457; x_wconf 90' lang='lat' dir='ltr'><strong>ab</strong></span> <span class='ocrx_word' id='word_1_17' title='bbox 2109 403 2389 471; x_wconf 78' lang='lat' dir='ltr'><strong>apostolis,</strong></span> <span class='ocrx_word' id='word_1_18' title='bbox 2423 404 2516 457; x_wconf 89' lang='lat' dir='ltr'><strong>sed</strong></span> <span class='ocrx_word' id='word_1_19' title='bbox 2545 420 2573 458; x_wconf 93' lang='lat' dir='ltr'><strong>a</strong></span> <span class='ocrx_word' id='word_1_20' title='bbox 2608 404 2863 459; x_wconf 87' lang='lat' dir='ltr'><strong>Patribus</strong></span> <span class='ocrx_word' id='word_1_21' title='bbox 2918 406 3124 462; x_wconf 83' lang='lat' dir='ltr'><strong>habere</strong></span> <span class='ocrx_word' id='word_1_22' title='bbox 3159 409 3482 479; x_wconf 86' lang='lat' dir='ltr'><strong>primatum,</strong></span> <span class='ocrx_word' id='word_1_23' title='bbox 3517 429 3589 468; x_wconf 87' lang='lat' dir='ltr'><strong>eo</strong></span> 
     </span>
    </p>
   </div>
   <div class='ocr_carea' id='block_1_6' title="bbox 327 497 1904 571">
    <p class='ocr_par' dir='ltr' id='par_1_6' title="bbox 327 497 1904 571">
     <span class='ocr_line' id='line_1_6' title="bbox 327 497 1904 571; baseline -0.004 -14"><span class='ocrx_word' id='word_1_24' title='bbox 327 509 454 567; x_wconf 85' lang='grc' dir='ltr'>λων,</span> <span class='ocrx_word' id='word_1_25' title='bbox 488 503 627 556; x_wconf 86' lang='grc' dir='ltr'><strong>ἀλλά</strong></span> <span class='ocrx_word' id='word_1_26' title='bbox 659 501 811 571; x_wconf 88' lang='grc' dir='ltr'><strong>παρά</strong></span> <span class='ocrx_word' id='word_1_27' title='bbox 852 499 963 551; x_wconf 82' lang='grc' dir='ltr'><strong>τῶν</strong></span> <span class='ocrx_word' id='word_1_28' title='bbox 996 499 1256 567; x_wconf 86' lang='grc' dir='ltr'>Πατέρων</span> <span class='ocrx_word' id='word_1_29' title='bbox 1291 498 1403 567; x_wconf 75' lang='grc' dir='ltr'>ἔχει</span> <span class='ocrx_word' id='word_1_30' title='bbox 1465 497 1526 549; x_wconf 81' lang='grc' dir='ltr'><strong>τὸ</strong></span> <span class='ocrx_word' id='word_1_31' title='bbox 1573 500 1843 566; x_wconf 83' lang='grc' dir='ltr'><strong>πρωτεῖον</strong></span> <span class='ocrx_word' id='word_1_32' title='bbox 1876 500 1904 550; x_wconf 87' lang='grc' dir='ltr'><strong>ό</strong></span> 
     </span>
    </p>
   </div>
   <div class='ocr_carea' id='block_1_7' title="bbox 328 584 1909 660">
    <p class='ocr_par' dir='ltr' id='par_1_7' title="bbox 328 584 1909 660">
     <span class='ocr_line' id='line_1_7' title="bbox 328 584 1909 660; baseline -0.003 -14"><span class='ocrx_word' id='word_1_33' title='bbox 328 594 563 655; x_wconf 78' lang='grc' dir='ltr'><strong>πάπποις</strong></span> <span class='ocrx_word' id='word_1_34' title='bbox 594 591 683 644; x_wconf 89' lang='grc' dir='ltr'><strong>διά</strong></span> <span class='ocrx_word' id='word_1_35' title='bbox 725 590 787 643; x_wconf 85' lang='grc' dir='ltr'><strong>τὸ</strong></span> <span class='ocrx_word' id='word_1_36' title='bbox 817 584 1077 659; x_wconf 76' lang='grc' dir='ltr'>εἶναιτὴν</span> <span class='ocrx_word' id='word_1_37' title='bbox 1109 588 1333 660; x_wconf 88' lang='grc' dir='ltr'>Ῥώμην</span> <span class='ocrx_word' id='word_1_38' title='bbox 1372 588 1482 641; x_wconf 84' lang='grc' dir='ltr'><strong>τῶν</strong></span> <span class='ocrx_word' id='word_1_39' title='bbox 1512 589 1723 643; x_wconf 82' lang='grc' dir='ltr'>πόλεων</span> <span class='ocrx_word' id='word_1_40' title='bbox 1751 589 1909 659; x_wconf 84' lang='grc' dir='ltr'>βασι-</span> 
     </span>
    </p>
   </div>
   <div class='ocr_carea' id='block_1_8' title="bbox 327 684 653 739">
    <p class='ocr_par' dir='ltr' id='par_1_8' title="bbox 327 684 653 739">
     <span class='ocr_line' id='line_1_8' title="bbox 327 684 653 739; baseline -0.012 0"><span class='ocrx_word' id='word_1_41' title='bbox 327 684 618 739; x_wconf 82' lang='grc' dir='ltr'>λεύουσαν.</span> <span class='ocrx_word' id='word_1_42' title='bbox 634 704 653 735; x_wconf 75' lang='grc' dir='ltr'><strong>ι</strong></span> 
     </span>
    </p>
   </div>
   <div class='ocr_carea' id='block_1_9' title="bbox 866 820 1305 875">
    <p class='ocr_par' dir='ltr' id='par_1_9' title="bbox 866 820 1305 875">
     <span class='ocr_line' id='line_1_9' title="bbox 866 820 1305 875; baseline 0 0"><span class='ocrx_word' id='word_1_43' title='bbox 866 820 1305 875; x_wconf 76' lang='grc' dir='ltr'><strong>ΑΝἸΊΡΡΗΣΙΣ.</strong></span> 
     </span>
    </p>
   </div>
   <div class='ocr_carea' id='block_1_10' title="bbox 394 950 1909 1029">
    <p class='ocr_par' dir='ltr' id='par_1_10' title="bbox 394 950 1909 1029">
     <span class='ocr_line' id='line_1_10' title="bbox 394 950 1909 1029; baseline 0.001 -20"><span class='ocrx_word' id='word_1_44' title='bbox 394 956 537 1009; x_wconf 79' lang='grc' dir='ltr'>Είτδ</span> <span class='ocrx_word' id='word_1_45' title='bbox 572 955 899 1026; x_wconf 74' lang='grc' dir='ltr'><strong>προφέρειν,</strong></span> <span class='ocrx_word' id='word_1_46' title='bbox 962 950 1008 1011; x_wconf 81' lang='grc' dir='ltr'><strong>ὦ</strong></span> <span class='ocrx_word' id='word_1_47' title='bbox 1041 955 1335 1025; x_wconf 75' lang='grc' dir='ltr'><strong>θαυμάσιε,</strong></span> <span class='ocrx_word' id='word_1_48' title='bbox 1380 957 1614 1020; x_wconf 83' lang='grc' dir='ltr'><strong>κανόνας</strong></span> <span class='ocrx_word' id='word_1_49' title='bbox 1667 958 1909 1029; x_wconf 79' lang='grc' dir='ltr'><strong>ἀκύρους</strong></span> 
     </span>
    </p>
   </div>
   <div class='ocr_carea' id='block_1_11' title="bbox 324 1033 1911 1119">
    <p class='ocr_par' dir='ltr' id='par_1_11' title="bbox 324 1033 1911 1119">
     <span class='ocr_line' id='line_1_11' title="bbox 324 1033 1911 1119; baseline 0.002 -19"><span class='ocrx_word' id='word_1_50' title='bbox 324 1050 418 1100; x_wconf 75' lang='grc' dir='ltr'><strong>καὶ</strong></span> <span class='ocrx_word' id='word_1_51' title='bbox 479 1033 932 1115; x_wconf 68' lang='grc' dir='ltr'>ὑποϐολιμαίους,</span> <span class='ocrx_word' id='word_1_52' title='bbox 997 1047 1089 1100; x_wconf 73' lang='grc' dir='ltr'><strong>καὶ</strong></span> <span class='ocrx_word' id='word_1_53' title='bbox 1126 1047 1386 1112; x_wconf 80' lang='grc' dir='ltr'><strong>καθάπαξ</strong></span> <span class='ocrx_word' id='word_1_54' title='bbox 1442 1050 1911 1119; x_wconf 85' lang='grc' dir='ltr'>ἀποδοκιμασθέν-</span> 
     </span>
    </p>
   </div>
   <div class='ocr_carea' id='block_1_12' title="bbox 324 1120 1911 1213">
    <p class='ocr_par' dir='ltr' id='par_1_12' title="bbox 324 1120 1911 1213">
     <span class='ocr_line' id='line_1_12' title="bbox 324 1120 1911 1213; baseline 0.001 -21"><span class='ocrx_word' id='word_1_55' title='bbox 324 1156 447 1202; x_wconf 89' lang='grc' dir='ltr'>τας,</span> <span class='ocrx_word' id='word_1_56' title='bbox 490 1120 891 1213; x_wconf 71' lang='grc' dir='ltr'><strong>ἐξεταζομένης</strong></span> <span class='ocrx_word' id='word_1_57' title='bbox 936 1138 1083 1191; x_wconf 77' lang='grc' dir='ltr'>οὕτω</span> <span class='ocrx_word' id='word_1_58' title='bbox 1132 1138 1391 1209; x_wconf 84' lang='grc' dir='ltr'>λαμπρᾶς</span> <span class='ocrx_word' id='word_1_59' title='bbox 1432 1140 1766 1207; x_wconf 75' lang='grc' dir='ltr'><strong>ὑποθέσεως,</strong></span> <span class='ocrx_word' id='word_1_60' title='bbox 1816 1144 1911 1194; x_wconf 73' lang='grc' dir='ltr'>καὶ</span> 
     </span>
    </p>
   </div>
   <div class='ocr_carea' id='block_1_13' title="bbox 262 1229 1911 1303">
    <p class='ocr_par' dir='ltr' id='par_1_13' title="bbox 262 1229 1911 1303">
     <span class='ocr_line' id='line_1_13' title="bbox 262 1229 1911 1303; baseline 0.002 -20"><span class='ocrx_word' id='word_1_61' title='bbox 262 1268 269 1271; x_wconf 93' lang='grc'><strong>-</strong></span> <span class='ocrx_word' id='word_1_62' title='bbox 328 1230 467 1299; x_wconf 86' lang='grc' dir='ltr'>πρὸς</span> <span class='ocrx_word' id='word_1_63' title='bbox 496 1229 735 1299; x_wconf 76' lang='grc' dir='ltr'>ψυχικὴν</span> <span class='ocrx_word' id='word_1_64' title='bbox 764 1229 1044 1299; x_wconf 75' lang='grc' dir='ltr'><strong>σωτηρίαν</strong></span> <span class='ocrx_word' id='word_1_65' title='bbox 1080 1232 1414 1300; x_wconf 78' lang='grc' dir='ltr'>ἀνηκούσης,</span> <span class='ocrx_word' id='word_1_66' title='bbox 1462 1232 1619 1285; x_wconf 78' lang='grc' dir='ltr'>δοκεῖ</span> <span class='ocrx_word' id='word_1_67' title='bbox 1647 1250 1729 1285; x_wconf 88' lang='grc' dir='ltr'>σοι</span> <span class='ocrx_word' id='word_1_68' title='bbox 1773 1235 1911 1303; x_wconf 74' lang='grc' dir='ltr'>πρὸς</span> 
     </span>
    </p>
   </div>
   <div class='ocr_carea' id='block_1_14' title="bbox 324 1319 1911 1394">
    <p class='ocr_par' dir='ltr' id='par_1_14' title="bbox 324 1319 1911 1394">
     <span class='ocr_line' id='line_1_14' title="bbox 324 1319 1911 1394; baseline 0.003 -21"><span class='ocrx_word' id='word_1_69' title='bbox 324 1320 387 1373; x_wconf 77' lang='grc' dir='ltr'>τὸ</span> <span class='ocrx_word' id='word_1_70' title='bbox 433 1320 852 1389; x_wconf 75' lang='grc' dir='ltr'><strong>ἀποφήνασθαι,</strong></span> <span class='ocrx_word' id='word_1_71' title='bbox 920 1319 1218 1389; x_wconf 76' lang='grc' dir='ltr'>αὖταρκες,</span> <span class='ocrx_word' id='word_1_72' title='bbox 1272 1324 1484 1391; x_wconf 75' lang='grc' dir='ltr'>οἴχεταὲ</span> <span class='ocrx_word' id='word_1_73' title='bbox 1536 1322 1632 1375; x_wconf 85' lang='grc' dir='ltr'><strong>σου</strong></span> <span class='ocrx_word' id='word_1_74' title='bbox 1683 1326 1819 1394; x_wconf 80' lang='grc' dir='ltr'>πρὸς</span> <span class='ocrx_word' id='word_1_75' title='bbox 1849 1326 1911 1378; x_wconf 87' lang='grc' dir='ltr'><strong>τδ</strong></span> 
     </span>
    </p>
   </div>
   <div class='ocr_carea' id='block_1_15' title="bbox 330 1412 1910 1487">
    <p class='ocr_par' dir='ltr' id='par_1_15' title="bbox 330 1412 1910 1487">
     <span class='ocr_line' id='line_1_15' title="bbox 330 1412 1910 1487; baseline 0.004 -25"><span class='ocrx_word' id='word_1_76' title='bbox 330 1412 556 1483; x_wconf 80' lang='grc' dir='ltr'>μηδὲνή</span> <span class='ocrx_word' id='word_1_77' title='bbox 594 1414 1031 1481; x_wconf 81' lang='grc' dir='ltr'>προκομισθεῖσα</span> <span class='ocrx_word' id='word_1_78' title='bbox 1070 1414 1373 1483; x_wconf 79' lang='grc' dir='ltr'>μαρτυρία,</span> <span class='ocrx_word' id='word_1_79' title='bbox 1426 1418 1524 1469; x_wconf 80' lang='grc' dir='ltr'><strong>καὶ</strong></span> <span class='ocrx_word' id='word_1_80' title='bbox 1557 1419 1631 1479; x_wconf 83' lang='grc' dir='ltr'>ὡς</span> <span class='ocrx_word' id='word_1_81' title='bbox 1665 1418 1910 1487; x_wconf 80' lang='grc' dir='ltr'>ἀράχνης</span> 
     </span>
    </p>
   </div>
   <div class='ocr_carea' id='block_1_16' title="bbox 328 1504 1910 1577">
    <p class='ocr_par' dir='ltr' id='par_1_16' title="bbox 328 1504 1910 1577">
     <span class='ocr_line' id='line_1_16' title="bbox 328 1504 1910 1577; baseline 0.004 -20"><span class='ocrx_word' id='word_1_82' title='bbox 328 1504 475 1565; x_wconf 78' lang='grc' dir='ltr'>ἱστὸς</span> <span class='ocrx_word' id='word_1_83' title='bbox 500 1504 561 1556; x_wconf 80' lang='grc' dir='ltr'><strong>τὸ</strong></span> <span class='ocrx_word' id='word_1_84' title='bbox 598 1504 767 1575; x_wconf 82' lang='grc' dir='ltr'>ῥητὸν</span> <span class='ocrx_word' id='word_1_85' title='bbox 806 1505 975 1560; x_wconf 82' lang='grc' dir='ltr'>αὑτοῦ</span> <span class='ocrx_word' id='word_1_86' title='bbox 1032 1506 1469 1571; x_wconf 78' lang='grc' dir='ltr'>διασκεδάζεται.</span> <span class='ocrx_word' id='word_1_87' title='bbox 1536 1510 1764 1577; x_wconf 81' lang='grc' dir='ltr'>Ὠφελες</span> <span class='ocrx_word' id='word_1_88' title='bbox 1814 1511 1910 1564; x_wconf 85' lang='grc' dir='ltr'>καὶ</span> 
     </span>
    </p>
   </div>
   <div class='ocr_carea' id='block_1_17' title="bbox 326 1596 1919 1667">
    <p class='ocr_par' dir='ltr' id='par_1_17' title="bbox 326 1596 1919 1667">
     <span class='ocr_line' id='line_1_17' title="bbox 326 1596 1919 1667; baseline 0.004 -18"><span class='ocrx_word' id='word_1_89' title='bbox 326 1598 391 1649; x_wconf 76' lang='grc' dir='ltr'>σὺ</span> <span class='ocrx_word' id='word_1_90' title='bbox 416 1596 749 1664; x_wconf 82' lang='grc' dir='ltr'>ἀναγνῶναι,</span> <span class='ocrx_word' id='word_1_91' title='bbox 803 1598 918 1649; x_wconf 84' lang='grc' dir='ltr'>τίσι</span> <span class='ocrx_word' id='word_1_92' title='bbox 971 1602 1267 1667; x_wconf 82' lang='grc' dir='ltr'>μηχαναῖς,</span> <span class='ocrx_word' id='word_1_93' title='bbox 1329 1600 1598 1664; x_wconf 75' lang='grc' dir='ltr'>καὶπῶς,</span> <span class='ocrx_word' id='word_1_94' title='bbox 1659 1602 1753 1656; x_wconf 69' lang='grc' dir='ltr'>καὶ</span> <span class='ocrx_word' id='word_1_95' title='bbox 1804 1602 1919 1655; x_wconf 57' lang='lat' dir='ltr'><strong>sua</strong></span> 
     </span>
    </p>
   </div>
   <div class='ocr_carea' id='block_1_18' title="bbox 326 1689 1907 1767">
    <p class='ocr_par' dir='ltr' id='par_1_18' title="bbox 326 1689 1907 1767">
     <span class='ocr_line' id='line_1_18' title="bbox 326 1689 1907 1767; baseline 0.002 -27"><span class='ocrx_word' id='word_1_96' title='bbox 326 1690 491 1767; x_wconf 76' lang='grc' dir='ltr'>τίνων</span> <span class='ocrx_word' id='word_1_97' title='bbox 517 1690 823 1760; x_wconf 74' lang='grc' dir='ltr'>συρῤαφεὶς</span> <span class='ocrx_word' id='word_1_98' title='bbox 846 1691 873 1741; x_wconf 88' lang='grc' dir='ltr'>ὁ</span> <span class='ocrx_word' id='word_1_99' title='bbox 900 1690 1292 1760; x_wconf 82' lang='grc' dir='ltr'>προκομισθεὶς</span> <span class='ocrx_word' id='word_1_100' title='bbox 1318 1689 1473 1753; x_wconf 82' lang='grc' dir='ltr'>οὗτος</span> <span class='ocrx_word' id='word_1_101' title='bbox 1508 1690 1715 1754; x_wconf 88' lang='grc' dir='ltr'>κανὼν,</span> <span class='ocrx_word' id='word_1_102' title='bbox 1755 1693 1907 1761; x_wconf 83' lang='grc' dir='ltr'><strong>πρῶ-</strong></span> 
     </span>
    </p>
   </div>
   <div class='ocr_carea' id='block_1_19' title="bbox 2009 495 3027 567">
    <p class='ocr_par' dir='ltr' id='par_1_19' title="bbox 2009 495 3027 567">
     <span class='ocr_line' id='line_1_19' title="bbox 2009 495 3027 567; baseline 0.003 -19"><span class='ocrx_word' id='word_1_103' title='bbox 2009 496 2157 565; x_wconf 84' lang='lat' dir='ltr'><strong>quod</strong></span> <span class='ocrx_word' id='word_1_104' title='bbox 2199 495 2371 550; x_wconf 82' lang='lat' dir='ltr'><strong>Roma</strong></span> <span class='ocrx_word' id='word_1_105' title='bbox 2398 497 2469 552; x_wconf 89' lang='lat' dir='ltr'><strong>sit</strong></span> <span class='ocrx_word' id='word_1_106' title='bbox 2501 498 2691 567; x_wconf 78' lang='lat' dir='ltr'><strong>regina</strong></span> <span class='ocrx_word' id='word_1_107' title='bbox 2726 500 2968 553; x_wconf 85' lang='lat' dir='ltr'><strong>urbium.</strong></span> <span class='ocrx_word' id='word_1_108' title='bbox 3009 519 3027 551; x_wconf 78' lang='grc' dir='ltr'><strong>ι</strong></span> 
     </span>
    </p>
   </div>
   <div class='ocr_carea' id='block_1_20' title="bbox 2567 802 3028 861">
    <p class='ocr_par' dir='ltr' id='par_1_20' title="bbox 2567 802 3028 861">
     <span class='ocr_line' id='line_1_20' title="bbox 2567 802 3028 861; baseline 0.004 -4"><span class='ocrx_word' id='word_1_109' title='bbox 2567 802 3028 861; x_wconf 81' lang='lat' dir='ltr'><strong>CONFUTATIO.</strong></span> 
     </span>
    </p>
   </div>
   <div class='ocr_carea' id='block_1_21' title="bbox 2079 935 3594 1015">
    <p class='ocr_par' dir='ltr' id='par_1_21' title="bbox 2079 935 3594 1015">
     <span class='ocr_line' id='line_1_21' title="bbox 2079 935 3594 1015; baseline 0.008 -24"><span class='ocrx_word' id='word_1_110' title='bbox 2079 935 2134 992; x_wconf 87' lang='lat' dir='ltr'><strong>Si</strong></span> <span class='ocrx_word' id='word_1_111' title='bbox 2168 937 2415 1008; x_wconf 79' lang='lat' dir='ltr'><strong>proferre</strong></span> <span class='ocrx_word' id='word_1_112' title='bbox 2444 954 2686 996; x_wconf 82' lang='lat' dir='ltr'><strong>canones</strong></span> <span class='ocrx_word' id='word_1_113' title='bbox 2730 943 2954 1011; x_wconf 88' lang='lat' dir='ltr'><strong>spnrios</strong></span> <span class='ocrx_word' id='word_1_114' title='bbox 2998 953 3053 999; x_wconf 85' lang='lat' dir='ltr'><strong>et</strong></span> <span class='ocrx_word' id='word_1_115' title='bbox 3105 945 3488 1015; x_wconf 87' lang='lat' dir='ltr'><strong>supposititios</strong></span> <span class='ocrx_word' id='word_1_116' title='bbox 3531 942 3594 1003; x_wconf 79' lang='lat' dir='ltr'><strong>et</strong></span> 
     </span>
    </p>
   </div>
   <div class='ocr_carea' id='block_1_22' title="bbox 2007 1029 3588 1105">
    <p class='ocr_par' dir='ltr' id='par_1_22' title="bbox 2007 1029 3588 1105">
     <span class='ocr_line' id='line_1_22' title="bbox 2007 1029 3588 1105; baseline 0.006 -23"><span class='ocrx_word' id='word_1_117' title='bbox 2007 1029 2236 1083; x_wconf 88' lang='lat' dir='ltr'><strong>omnino</strong></span> <span class='ocrx_word' id='word_1_118' title='bbox 2272 1031 2639 1099; x_wconf 88' lang='lat' dir='ltr'><strong>improbatos,</strong></span> <span class='ocrx_word' id='word_1_119' title='bbox 2662 1034 2800 1087; x_wconf 85' lang='lat' dir='ltr'><strong>satis</strong></span> <span class='ocrx_word' id='word_1_120' title='bbox 2831 1034 2924 1088; x_wconf 92' lang='lat' dir='ltr'><strong>tibi</strong></span> <span class='ocrx_word' id='word_1_121' title='bbox 2962 1035 3202 1101; x_wconf 84' lang='lat' dir='ltr'><strong>videtur,</strong></span> <span class='ocrx_word' id='word_1_122' title='bbox 3233 1039 3451 1105; x_wconf 78' lang='lat' dir='ltr'><strong>egregie</strong></span> <span class='ocrx_word' id='word_1_123' title='bbox 3479 1041 3588 1104; x_wconf 81' lang='lat' dir='ltr'><strong>vir,</strong></span> 
     </span>
    </p>
   </div>
   <div class='ocr_carea' id='block_1_23' title="bbox 2009 1122 3590 1201">
    <p class='ocr_par' dir='ltr' id='par_1_23' title="bbox 2009 1122 3590 1201">
     <span class='ocr_line' id='line_1_23' title="bbox 2009 1122 3590 1201; baseline 0.006 -25"><span class='ocrx_word' id='word_1_124' title='bbox 2009 1122 2075 1176; x_wconf 89' lang='lat' dir='ltr'><strong>ad</strong></span> <span class='ocrx_word' id='word_1_125' title='bbox 2124 1123 2407 1177; x_wconf 75' lang='lat' dir='ltr'><strong>ferendam</strong></span> <span class='ocrx_word' id='word_1_126' title='bbox 2457 1126 2787 1180; x_wconf 54' lang='lat' dir='ltr'><strong>sortitentiam</strong></span> <span class='ocrx_word' id='word_1_127' title='bbox 2820 1127 2875 1180; x_wconf 89' lang='lat' dir='ltr'><strong>in</strong></span> <span class='ocrx_word' id='word_1_128' title='bbox 2925 1145 2983 1183; x_wconf 93' lang='lat' dir='ltr'><strong>re</strong></span> <span class='ocrx_word' id='word_1_129' title='bbox 3017 1139 3125 1183; x_wconf 87' lang='lat' dir='ltr'><strong>tam</strong></span> <span class='ocrx_word' id='word_1_130' title='bbox 3166 1132 3314 1200; x_wconf 81' lang='lat' dir='ltr'><strong>gravi</strong></span> <span class='ocrx_word' id='word_1_131' title='bbox 3349 1140 3405 1185; x_wconf 93' lang='lat' dir='ltr'><strong>et</strong></span> <span class='ocrx_word' id='word_1_132' title='bbox 3462 1147 3590 1201; x_wconf 84' lang='lat' dir='ltr'><strong>spe-</strong></span> 
     </span>
    </p>
   </div>
   <div class='ocr_carea' id='block_1_24' title="bbox 2011 1216 3590 1292">
    <p class='ocr_par' dir='ltr' id='par_1_24' title="bbox 2011 1216 3590 1292">
     <span class='ocr_line' id='line_1_24' title="bbox 2011 1216 3590 1292; baseline 0.003 -24"><span class='ocrx_word' id='word_1_133' title='bbox 2011 1224 2194 1269; x_wconf 80' lang='lat' dir='ltr'><strong>ctante</strong></span> <span class='ocrx_word' id='word_1_134' title='bbox 2219 1216 2285 1268; x_wconf 84' lang='lat' dir='ltr'><strong>ad</strong></span> <span class='ocrx_word' id='word_1_135' title='bbox 2322 1216 2553 1271; x_wconf 76' lang='lat' dir='ltr'><strong>salutem</strong></span> <span class='ocrx_word' id='word_1_136' title='bbox 2583 1219 2800 1283; x_wconf 50' lang='lat' dir='ltr'><strong>animat,</strong></span> <span class='ocrx_word' id='word_1_137' title='bbox 2826 1222 3200 1276; x_wconf 78' lang='lat' dir='ltr'><strong>testimonium</strong></span> <span class='ocrx_word' id='word_1_138' title='bbox 3222 1225 3370 1292; x_wconf 85' lang='lat' dir='ltr'><strong>quod</strong></span> <span class='ocrx_word' id='word_1_139' title='bbox 3402 1226 3590 1278; x_wconf 78' lang='lat' dir='ltr'><strong>attuli-</strong></span> 
     </span>
    </p>
   </div>
   <div class='ocr_carea' id='block_1_25' title="bbox 2009 1305 3588 1376">
    <p class='ocr_par' dir='ltr' id='par_1_25' title="bbox 2009 1305 3588 1376">
     <span class='ocr_line' id='line_1_25' title="bbox 2009 1305 3588 1376; baseline 0.008 -19"><span class='ocrx_word' id='word_1_140' title='bbox 2009 1306 2078 1357; x_wconf 90' lang='lat' dir='ltr'><strong>sti</strong></span> <span class='ocrx_word' id='word_1_141' title='bbox 2106 1305 2353 1369; x_wconf 74' lang='lat' dir='ltr'><strong>evanuit,</strong></span> <span class='ocrx_word' id='word_1_142' title='bbox 2375 1306 2696 1376; x_wconf 64' lang='lat' dir='ltr'><strong>dictumque</strong></span> <span class='ocrx_word' id='word_1_143' title='bbox 2727 1318 2881 1361; x_wconf 88' lang='lat' dir='ltr'><strong>tuum</strong></span> <span class='ocrx_word' id='word_1_144' title='bbox 2908 1311 3081 1365; x_wconf 85' lang='lat' dir='ltr'><strong>instar</strong></span> <span class='ocrx_word' id='word_1_145' title='bbox 3114 1312 3233 1366; x_wconf 71' lang='lat' dir='ltr'><strong>tela:</strong></span> <span class='ocrx_word' id='word_1_146' title='bbox 3253 1330 3588 1369; x_wconf 85' lang='lat' dir='ltr'><strong>aranearum</strong></span> 
     </span>
    </p>
   </div>
   <div class='ocr_carea' id='block_1_26' title="bbox 2011 1392 3587 1475">
    <p class='ocr_par' dir='ltr' id='par_1_26' title="bbox 2011 1392 3587 1475">
     <span class='ocr_line' id='line_1_26' title="bbox 2011 1392 3587 1475; baseline 0.01 -30"><span class='ocrx_word' id='word_1_147' title='bbox 2011 1392 2339 1462; x_wconf 86' lang='lat' dir='ltr'><strong>dissipatum</strong></span> <span class='ocrx_word' id='word_1_148' title='bbox 2389 1406 2491 1451; x_wconf 85' lang='lat' dir='ltr'><strong>est.</strong></span> <span class='ocrx_word' id='word_1_149' title='bbox 2522 1398 2771 1453; x_wconf 85' lang='lat' dir='ltr'><strong>Debebas</strong></span> <span class='ocrx_word' id='word_1_150' title='bbox 2818 1409 2875 1452; x_wconf 91' lang='lat' dir='ltr'><strong>tu</strong></span> <span class='ocrx_word' id='word_1_151' title='bbox 2902 1392 3136 1471; x_wconf 20' lang='lat' dir='ltr'><strong>quoque.</strong></span> <span class='ocrx_word' id='word_1_152' title='bbox 3156 1404 3359 1473; x_wconf 79' lang='lat' dir='ltr'><strong>legere,</strong></span> <span class='ocrx_word' id='word_1_153' title='bbox 3381 1408 3587 1475; x_wconf 83' lang='lat' dir='ltr'><strong>quibus</strong></span> 
     </span>
    </p>
   </div>
   <div class='ocr_carea' id='block_1_27' title="bbox 2013 1488 3591 1568">
    <p class='ocr_par' dir='ltr' id='par_1_27' title="bbox 2013 1488 3591 1568">
     <span class='ocr_line' id='line_1_27' title="bbox 2013 1488 3591 1568; baseline 0.008 -27"><span class='ocrx_word' id='word_1_154' title='bbox 2013 1488 2302 1559; x_wconf 83' lang='lat' dir='ltr'><strong>machinis,</strong></span> <span class='ocrx_word' id='word_1_155' title='bbox 2323 1504 2429 1559; x_wconf 82' lang='lat' dir='ltr'><strong>qua</strong></span> <span class='ocrx_word' id='word_1_156' title='bbox 2460 1501 2577 1544; x_wconf 92' lang='lat' dir='ltr'><strong>arte</strong></span> <span class='ocrx_word' id='word_1_157' title='bbox 2606 1499 2661 1544; x_wconf 92' lang='lat' dir='ltr'><strong>et</strong></span> <span class='ocrx_word' id='word_1_158' title='bbox 2692 1506 2720 1545; x_wconf 90' lang='lat' dir='ltr'><strong>a</strong></span> <span class='ocrx_word' id='word_1_159' title='bbox 2754 1493 2954 1561; x_wconf 82' lang='lat' dir='ltr'><strong>quibus</strong></span> <span class='ocrx_word' id='word_1_160' title='bbox 2983 1510 3158 1550; x_wconf 87' lang='lat' dir='ltr'><strong>canon</strong></span> <span class='ocrx_word' id='word_1_161' title='bbox 3190 1513 3218 1550; x_wconf 91' lang='lat' dir='ltr'><strong>a</strong></span> <span class='ocrx_word' id='word_1_162' title='bbox 3261 1506 3311 1551; x_wconf 93' lang='lat' dir='ltr'><strong>te</strong></span> <span class='ocrx_word' id='word_1_163' title='bbox 3340 1500 3591 1568; x_wconf 81' lang='lat' dir='ltr'><strong>prolatus</strong></span> 
     </span>
    </p>
   </div>
   <div class='ocr_carea' id='block_1_28' title="bbox 2009 1583 3589 1661">
    <p class='ocr_par' dir='ltr' id='par_1_28' title="bbox 2009 1583 3589 1661">
     <span class='ocr_line' id='line_1_28' title="bbox 2009 1583 3589 1661; baseline 0.008 -27"><span class='ocrx_word' id='word_1_164' title='bbox 2009 1593 2276 1641; x_wconf 66' lang='lat' dir='ltr'><strong>constitue</strong></span> <span class='ocrx_word' id='word_1_165' title='bbox 2298 1591 2383 1636; x_wconf 90' lang='lat' dir='ltr'><strong>est</strong></span> <span class='ocrx_word' id='word_1_166' title='bbox 2407 1600 2421 1635; x_wconf 86' lang='lat'><strong>:</strong></span> <span class='ocrx_word' id='word_1_167' title='bbox 2448 1583 2627 1652; x_wconf 90' lang='lat' dir='ltr'><strong>primo</strong></span> <span class='ocrx_word' id='word_1_168' title='bbox 2643 1584 2867 1654; x_wconf 88' lang='lat' dir='ltr'><strong>quidem</strong></span> <span class='ocrx_word' id='word_1_169' title='bbox 2898 1587 3408 1646; x_wconf 70' lang='lat' dir='ltr'><strong>contradicentibus</strong></span> <span class='ocrx_word' id='word_1_170' title='bbox 3434 1607 3589 1661; x_wconf 70' lang='lat' dir='ltr'><strong>papas</strong></span> 
     </span>
    </p>
   </div>
   <div class='ocr_carea' id='block_1_29' title="bbox 2010 1674 3592 1750">
    <p class='ocr_par' dir='ltr' id='par_1_29' title="bbox 2010 1674 3592 1750">
     <span class='ocr_line' id='line_1_29' title="bbox 2010 1674 3592 1750; baseline 0.008 -23"><span class='ocrx_word' id='word_1_171' title='bbox 2010 1674 2222 1741; x_wconf 89' lang='lat' dir='ltr'><strong>legatis,</strong></span> <span class='ocrx_word' id='word_1_172' title='bbox 2271 1674 2474 1730; x_wconf 88' lang='lat' dir='ltr'><strong>deinde</strong></span> <span class='ocrx_word' id='word_1_173' title='bbox 2504 1676 2879 1733; x_wconf 80' lang='lat' dir='ltr'><strong>Orientalibus</strong></span> <span class='ocrx_word' id='word_1_174' title='bbox 2905 1682 3181 1750; x_wconf 88' lang='lat' dir='ltr'><strong>episcopis</strong></span> <span class='ocrx_word' id='word_1_175' title='bbox 3215 1699 3321 1737; x_wconf 91' lang='lat' dir='ltr'><strong>non</strong></span> <span class='ocrx_word' id='word_1_176' title='bbox 3356 1700 3592 1740; x_wconf 83' lang='lat' dir='ltr'><strong>consen-</strong></span> 
     </span>
    </p>
   </div>
   <div class='ocr_carea' id='block_1_30' title="bbox 325 1766 1902 1850">
    <p class='ocr_par' dir='ltr' id='par_1_30' title="bbox 325 1766 1902 1850">
     <span class='ocr_line' id='line_1_30' title="bbox 325 1766 1902 1850; baseline 0.001 -19"><span class='ocrx_word' id='word_1_177' title='bbox 325 1766 417 1831; x_wconf 88' lang='grc' dir='ltr'><strong>τον</strong></span> <span class='ocrx_word' id='word_1_178' title='bbox 439 1781 540 1848; x_wconf 75' lang='grc' dir='ltr'>μὲν</span> <span class='ocrx_word' id='word_1_179' title='bbox 566 1781 949 1847; x_wconf 80' lang='grc' dir='ltr'>ἀντιλέγοντας</span> <span class='ocrx_word' id='word_1_180' title='bbox 978 1780 1104 1850; x_wconf 77' lang='grc' dir='ltr'>ἔσχε</span> <span class='ocrx_word' id='word_1_181' title='bbox 1127 1783 1254 1841; x_wconf 84' lang='grc' dir='ltr'>τοὺς</span> <span class='ocrx_word' id='word_1_182' title='bbox 1285 1780 1545 1849; x_wconf 75' lang='grc' dir='ltr'>πρέσϐεις</span> <span class='ocrx_word' id='word_1_183' title='bbox 1568 1780 1661 1833; x_wconf 82' lang='grc' dir='ltr'><strong>τοῦ</strong></span> <span class='ocrx_word' id='word_1_184' title='bbox 1684 1781 1902 1847; x_wconf 82' lang='grc' dir='ltr'><strong>πάππα,</strong></span> 
     </span>
    </p>
   </div>
   <div class='ocr_carea' id='block_1_31' title="bbox 2006 1766 3587 1850">
    <p class='ocr_par' dir='ltr' id='par_1_31' title="bbox 2011 1766 3587 1841">
     <span class='ocr_line' id='line_1_31' title="bbox 2011 1766 3587 1841; baseline 0.011 -22"><span class='ocrx_word' id='word_1_185' title='bbox 2011 1766 2275 1822; x_wconf 88' lang='lat' dir='ltr'><strong>tientibus</strong></span> <span class='ocrx_word' id='word_1_186' title='bbox 2307 1770 2602 1829; x_wconf 76' lang='lat' dir='ltr'><strong>universis.</strong></span> <span class='ocrx_word' id='word_1_187' title='bbox 2635 1780 2688 1826; x_wconf 92' lang='lat' dir='ltr'><strong>et</strong></span> <span class='ocrx_word' id='word_1_188' title='bbox 2717 1787 2855 1840; x_wconf 83' lang='lat' dir='ltr'><strong>papa</strong></span> <span class='ocrx_word' id='word_1_189' title='bbox 2889 1773 3008 1841; x_wconf 85' lang='lat' dir='ltr'><strong>ipso</strong></span> <span class='ocrx_word' id='word_1_190' title='bbox 3037 1775 3393 1832; x_wconf 83' lang='lat' dir='ltr'><strong>vehementer</strong></span> <span class='ocrx_word' id='word_1_191' title='bbox 3434 1779 3587 1835; x_wconf 87' lang='lat' dir='ltr'><strong>illum</strong></span> 
     </span>
    </p>
   </div>
   <div class='ocr_carea' id='block_1_32' title="bbox 323 1862 1908 1939">
    <p class='ocr_par' dir='ltr' id='par_1_32' title="bbox 323 1862 1908 1939">
     <span class='ocr_line' id='line_1_32' title="bbox 323 1862 1908 1939; baseline 0.001 -20"><span class='ocrx_word' id='word_1_192' title='bbox 323 1862 445 1920; x_wconf 79' lang='grc' dir='ltr'>εἶτα</span> <span class='ocrx_word' id='word_1_193' title='bbox 484 1869 615 1929; x_wconf 80' lang='grc' dir='ltr'>τοὺς</span> <span class='ocrx_word' id='word_1_194' title='bbox 651 1869 1005 1933; x_wconf 79' lang='grc' dir='ltr'>ἀνατολικοὺς</span> <span class='ocrx_word' id='word_1_195' title='bbox 1030 1871 1377 1932; x_wconf 68' lang='grc' dir='ltr'>ἐπισκόπους</span> <span class='ocrx_word' id='word_1_196' title='bbox 1410 1868 1472 1922; x_wconf 88' lang='grc' dir='ltr'>ού</span> <span class='ocrx_word' id='word_1_197' title='bbox 1513 1871 1727 1931; x_wconf 82' lang='grc' dir='ltr'>πάντας</span> <span class='ocrx_word' id='word_1_198' title='bbox 1763 1886 1908 1939; x_wconf 87' lang='grc' dir='ltr'>συμ-</span> 
     </span>
    </p>
   </div>
   <div class='ocr_carea' id='block_1_33' title="bbox 324 1960 1908 2029">
    <p class='ocr_par' dir='ltr' id='par_1_33' title="bbox 324 1960 1908 2029">
     <span class='ocr_line' id='line_1_33' title="bbox 324 1960 1908 2029; baseline 0.002 -18"><span class='ocrx_word' id='word_1_199' title='bbox 324 1960 691 2029; x_wconf 79' lang='grc' dir='ltr'><strong>φερομένους,</strong></span> <span class='ocrx_word' id='word_1_200' title='bbox 724 1963 817 2012; x_wconf 79' lang='grc' dir='ltr'>καὶ</span> <span class='ocrx_word' id='word_1_201' title='bbox 848 1961 940 2012; x_wconf 80' lang='grc' dir='ltr'><strong>τὸν</strong></span> <span class='ocrx_word' id='word_1_202' title='bbox 966 1963 1201 2016; x_wconf 79' lang='grc' dir='ltr'>πάππαν</span> <span class='ocrx_word' id='word_1_203' title='bbox 1235 1961 1399 2013; x_wconf 75' lang='grc' dir='ltr'>αὐτὸν</span> <span class='ocrx_word' id='word_1_204' title='bbox 1436 1961 1683 2028; x_wconf 83' lang='grc' dir='ltr'><strong>σφοδρῶς</strong></span> <span class='ocrx_word' id='word_1_205' title='bbox 1714 1962 1908 2014; x_wconf 88' lang='grc' dir='ltr'>ἀποδο-</span> 
     </span>
    </p>
   </div>
   <div class='ocr_carea' id='block_1_34' title="bbox 323 2048 1908 2123">
    <p class='ocr_par' dir='ltr' id='par_1_34' title="bbox 323 2048 1908 2123">
     <span class='ocr_line' id='line_1_34' title="bbox 323 2048 1908 2123; baseline 0.001 -18"><span class='ocrx_word' id='word_1_206' title='bbox 323 2051 666 2121; x_wconf 80' lang='grc' dir='ltr'>κιμάζοντα.</span> <span class='ocrx_word' id='word_1_207' title='bbox 734 2051 1044 2118; x_wconf 83' lang='grc' dir='ltr'>Ἐξακόσιοι</span> <span class='ocrx_word' id='word_1_208' title='bbox 1108 2051 1405 2123; x_wconf 84' lang='grc' dir='ltr'>τριάκοντα</span> <span class='ocrx_word' id='word_1_209' title='bbox 1470 2053 1711 2123; x_wconf 78' lang='grc' dir='ltr'>Πατέρες</span> <span class='ocrx_word' id='word_1_210' title='bbox 1766 2048 1908 2123; x_wconf 80' lang='grc' dir='ltr'>ἦσαν</span> 
     </span>
    </p>
   </div>
   <div class='ocr_carea' id='block_1_35' title="bbox 323 2143 1909 2215">
    <p class='ocr_par' dir='ltr' id='par_1_35' title="bbox 323 2143 1909 2215">
     <span class='ocr_line' id='line_1_35' title="bbox 323 2143 1909 2215; baseline 0.003 -21"><span class='ocrx_word' id='word_1_211' title='bbox 323 2144 421 2213; x_wconf 82' lang='grc' dir='ltr'>τῆς</span> <span class='ocrx_word' id='word_1_212' title='bbox 452 2143 698 2197; x_wconf 86' lang='grc' dir='ltr'><strong>συνόδου.</strong></span> <span class='ocrx_word' id='word_1_213' title='bbox 730 2143 796 2197; x_wconf 83' lang='grc' dir='ltr'>Οί</span> <span class='ocrx_word' id='word_1_214' title='bbox 824 2144 881 2197; x_wconf 79' lang='grc' dir='ltr'>δὲ</span> <span class='ocrx_word' id='word_1_215' title='bbox 912 2143 991 2215; x_wconf 83' lang='grc' dir='ltr'>τῷ</span> <span class='ocrx_word' id='word_1_216' title='bbox 1032 2144 1221 2199; x_wconf 83' lang='grc' dir='ltr'>κανόνι</span> <span class='ocrx_word' id='word_1_217' title='bbox 1268 2144 1612 2214; x_wconf 79' lang='grc' dir='ltr'><strong>αὐθαιρέτως</strong></span> <span class='ocrx_word' id='word_1_218' title='bbox 1666 2143 1909 2214; x_wconf 82' lang='grc' dir='ltr'>ὑπογρά-</span> 
     </span>
    </p>
   </div>
   <div class='ocr_carea' id='block_1_36' title="bbox 322 2230 1905 2301">
    <p class='ocr_par' dir='ltr' id='par_1_36' title="bbox 322 2230 1905 2301">
     <span class='ocr_line' id='line_1_36' title="bbox 322 2230 1905 2301; baseline 0.003 -18"><span class='ocrx_word' id='word_1_219' title='bbox 322 2230 423 2298; x_wconf 80' lang='grc' dir='ltr'>ψαι</span> <span class='ocrx_word' id='word_1_220' title='bbox 452 2231 735 2293; x_wconf 81' lang='grc' dir='ltr'>δοκοῦντες</span> <span class='ocrx_word' id='word_1_221' title='bbox 764 2232 823 2284; x_wconf 88' lang='grc' dir='ltr'>ού</span> <span class='ocrx_word' id='word_1_222' title='bbox 861 2232 1044 2301; x_wconf 85' lang='grc' dir='ltr'>πολλῷ</span> <span class='ocrx_word' id='word_1_223' title='bbox 1075 2232 1295 2297; x_wconf 72' lang='grc' dir='ltr'>πλείους</span> <span class='ocrx_word' id='word_1_224' title='bbox 1321 2234 1430 2286; x_wconf 77' lang='grc' dir='ltr'>εἰσὶ</span> <span class='ocrx_word' id='word_1_225' title='bbox 1457 2233 1565 2284; x_wconf 82' lang='grc' dir='ltr'>τῶν</span> <span class='ocrx_word' id='word_1_226' title='bbox 1590 2234 1905 2288; x_wconf 78' lang='grc' dir='ltr'>διακοσίων.</span> 
     </span>
    </p>
   </div>
   <div class='ocr_carea' id='block_1_37' title="bbox 324 2316 1905 2391">
    <p class='ocr_par' dir='ltr' id='par_1_37' title="bbox 324 2316 1905 2391">
     <span class='ocr_line' id='line_1_37' title="bbox 324 2316 1905 2391; baseline 0.003 -19"><span class='ocrx_word' id='word_1_227' title='bbox 324 2320 448 2384; x_wconf 79' lang='grc' dir='ltr'><strong>Πῶς</strong></span> <span class='ocrx_word' id='word_1_228' title='bbox 470 2316 624 2383; x_wconf 77' lang='grc' dir='ltr'>οὗτος</span> <span class='ocrx_word' id='word_1_229' title='bbox 647 2318 831 2374; x_wconf 62' lang='grc' dir='ltr'>κλνὼν</span> <span class='ocrx_word' id='word_1_230' title='bbox 850 2320 1231 2391; x_wconf 79' lang='grc' dir='ltr'>τῆςτιτάρτης</span> <span class='ocrx_word' id='word_1_231' title='bbox 1257 2322 1324 2374; x_wconf 83' lang='grc' dir='ltr'><strong>ἀν</strong></span> <span class='ocrx_word' id='word_1_232' title='bbox 1346 2324 1430 2390; x_wconf 73' lang='grc' dir='ltr'>εἴη</span> <span class='ocrx_word' id='word_1_233' title='bbox 1456 2322 1676 2375; x_wconf 83' lang='grc' dir='ltr'>συνόδου</span> <span class='ocrx_word' id='word_1_234' title='bbox 1697 2339 1714 2387; x_wconf 84' lang='grc'>;</span> <span class='ocrx_word' id='word_1_235' title='bbox 1764 2322 1905 2390; x_wconf 84' lang='grc' dir='ltr'>Ἐγὼ</span> 
     </span>
    </p>
   </div>
   <div class='ocr_carea' id='block_1_38' title="bbox 320 2414 1904 2487">
    <p class='ocr_par' dir='ltr' id='par_1_38' title="bbox 320 2414 1904 2487">
     <span class='ocr_line' id='line_1_38' title="bbox 320 2414 1904 2487; baseline 0.001 -20"><span class='ocrx_word' id='word_1_236' title='bbox 320 2414 487 2467; x_wconf 79' lang='grc' dir='ltr'>δέσοι</span> <span class='ocrx_word' id='word_1_237' title='bbox 516 2416 643 2476; x_wconf 79' lang='grc' dir='ltr'>τοὺς</span> <span class='ocrx_word' id='word_1_238' title='bbox 673 2414 1062 2483; x_wconf 70' lang='grc' dir='ltr'>παραχθέντας</span> <span class='ocrx_word' id='word_1_239' title='bbox 1112 2414 1219 2467; x_wconf 82' lang='grc' dir='ltr'><strong>ὑπὸ</strong></span> <span class='ocrx_word' id='word_1_240' title='bbox 1271 2415 1365 2467; x_wconf 84' lang='grc' dir='ltr'>σοῦ</span> <span class='ocrx_word' id='word_1_241' title='bbox 1418 2419 1714 2486; x_wconf 84' lang='grc' dir='ltr'>μάρτυρας</span> <span class='ocrx_word' id='word_1_242' title='bbox 1764 2434 1904 2487; x_wconf 78' lang='grc' dir='ltr'>προ·</span> 
     </span>
    </p>
   </div>
   <div class='ocr_carea' id='block_1_39' title="bbox 322 2506 1900 2578">
    <p class='ocr_par' dir='ltr' id='par_1_39' title="bbox 322 2506 1900 2578">
     <span class='ocr_line' id='line_1_39' title="bbox 322 2506 1900 2578; baseline 0.002 -21"><span class='ocrx_word' id='word_1_243' title='bbox 322 2506 657 2576; x_wconf 73' lang='grc' dir='ltr'>ϐαλλόμενος</span> <span class='ocrx_word' id='word_1_244' title='bbox 686 2506 960 2570; x_wconf 77' lang='grc' dir='ltr'>ἀποδείξω</span> <span class='ocrx_word' id='word_1_245' title='bbox 1003 2510 1345 2577; x_wconf 78' lang='grc' dir='ltr'>σαφέστατα,</span> <span class='ocrx_word' id='word_1_246' title='bbox 1402 2508 1591 2578; x_wconf 77' lang='grc' dir='ltr'>κοινὴν</span> <span class='ocrx_word' id='word_1_247' title='bbox 1630 2509 1728 2560; x_wconf 81' lang='grc' dir='ltr'>καὶ</span> <span class='ocrx_word' id='word_1_248' title='bbox 1758 2510 1900 2577; x_wconf 77' lang='grc' dir='ltr'>σύμο</span> 
     </span>
    </p>
   </div>
   <div class='ocr_carea' id='block_1_40' title="bbox 320 2599 1900 2670">
    <p class='ocr_par' dir='ltr' id='par_1_40' title="bbox 320 2599 1900 2670">
     <span class='ocr_line' id='line_1_40' title="bbox 320 2599 1900 2670; baseline 0 -17"><span class='ocrx_word' id='word_1_249' title='bbox 320 2617 500 2670; x_wconf 82' lang='grc' dir='ltr'>φωνον</span> <span class='ocrx_word' id='word_1_250' title='bbox 531 2599 826 2670; x_wconf 80' lang='grc' dir='ltr'>ὁμολογίαν</span> <span class='ocrx_word' id='word_1_251' title='bbox 855 2601 966 2652; x_wconf 83' lang='grc' dir='ltr'><strong>τῶν</strong></span> <span class='ocrx_word' id='word_1_252' title='bbox 1025 2601 1328 2666; x_wconf 75' lang='grc' dir='ltr'>ἑξακοσίων</span> <span class='ocrx_word' id='word_1_253' title='bbox 1389 2600 1687 2670; x_wconf 83' lang='grc' dir='ltr'>τριάκοντα</span> <span class='ocrx_word' id='word_1_254' title='bbox 1718 2601 1900 2660; x_wconf 82' lang='grc' dir='ltr'><strong>Πατὲ-</strong></span> 
     </span>
    </p>
   </div>
   <div class='ocr_carea' id='block_1_41' title="bbox 296 2684 1899 2760">
    <p class='ocr_par' dir='ltr' id='par_1_41' title="bbox 296 2684 1899 2760">
     <span class='ocr_line' id='line_1_41' title="bbox 296 2684 1899 2760; baseline -0.001 -15"><span class='ocrx_word' id='word_1_255' title='bbox 296 2684 455 2759; x_wconf 14' lang='grc' dir='ltr'>ῆρων,</span> <span class='ocrx_word' id='word_1_256' title='bbox 506 2695 603 2745; x_wconf 79' lang='grc' dir='ltr'>καὶ</span> <span class='ocrx_word' id='word_1_257' title='bbox 651 2692 740 2745; x_wconf 75' lang='grc' dir='ltr'>διὰ</span> <span class='ocrx_word' id='word_1_258' title='bbox 798 2692 959 2743; x_wconf 85' lang='grc' dir='ltr'>τοῦτο</span> <span class='ocrx_word' id='word_1_259' title='bbox 1017 2692 1116 2759; x_wconf 88' lang='grc' dir='ltr'><strong>τῆς</strong></span> <span class='ocrx_word' id='word_1_260' title='bbox 1156 2691 1509 2760; x_wconf 81' lang='grc' dir='ltr'>Ἀνατολικῆς</span> <span class='ocrx_word' id='word_1_261' title='bbox 1566 2691 1899 2760; x_wconf 74' lang='grc' dir='ltr'>Ἐκκλησίας</span> 
     </span>
    </p>
   </div>
   <div class='ocr_carea' id='block_1_42' title="bbox 2006 1859 3589 1941">
    <p class='ocr_par' dir='ltr' id='par_1_42' title="bbox 2006 1859 3589 1941">
     <span class='ocr_line' id='line_1_42' title="bbox 2006 1859 3589 1941; baseline 0.009 -30"><span class='ocrx_word' id='word_1_262' title='bbox 2006 1859 2374 1924; x_wconf 83' lang='lat' dir='ltr'><strong>improbante.</strong></span> <span class='ocrx_word' id='word_1_263' title='bbox 2417 1860 2675 1933; x_wconf 62' lang='lat' dir='ltr'><strong>Sescenti</strong></span> <span class='ocrx_word' id='word_1_264' title='bbox 2710 1872 2761 1917; x_wconf 90' lang='lat' dir='ltr'><strong>et</strong></span> <span class='ocrx_word' id='word_1_265' title='bbox 2801 1865 3023 1934; x_wconf 78' lang='lat' dir='ltr'><strong>triginta</strong></span> <span class='ocrx_word' id='word_1_266' title='bbox 3057 1866 3246 1921; x_wconf 85' lang='lat' dir='ltr'><strong>Patres</strong></span> <span class='ocrx_word' id='word_1_267' title='bbox 3274 1883 3435 1923; x_wconf 88' lang='lat' dir='ltr'><strong>erant</strong></span> <span class='ocrx_word' id='word_1_268' title='bbox 3458 1886 3589 1941; x_wconf 85' lang='lat' dir='ltr'><strong>syn-</strong></span> 
     </span>
    </p>
   </div>
   <div class='ocr_carea' id='block_1_43' title="bbox 2005 1949 3585 2025">
    <p class='ocr_par' dir='ltr' id='par_1_43' title="bbox 2005 1949 3585 2025">
     <span class='ocr_line' id='line_1_43' title="bbox 2005 1949 3585 2025; baseline 0.008 -19"><span class='ocrx_word' id='word_1_269' title='bbox 2005 1949 2138 2015; x_wconf 85' lang='lat' dir='ltr'><strong>odi;</strong></span> <span class='ocrx_word' id='word_1_270' title='bbox 2187 1952 2281 2021; x_wconf 86' lang='lat' dir='ltr'><strong>qui</strong></span> <span class='ocrx_word' id='word_1_271' title='bbox 2320 1967 2456 2006; x_wconf 83' lang='lat' dir='ltr'><strong>vero</strong></span> <span class='ocrx_word' id='word_1_272' title='bbox 2488 1963 2683 2021; x_wconf 87' lang='lat' dir='ltr'><strong>sponte</strong></span> <span class='ocrx_word' id='word_1_273' title='bbox 2733 1955 3130 2025; x_wconf 83' lang='lat' dir='ltr'><strong>subscripsisse</strong></span> <span class='ocrx_word' id='word_1_274' title='bbox 3170 1959 3427 2015; x_wconf 83' lang='lat' dir='ltr'><strong>videntur</strong></span> <span class='ocrx_word' id='word_1_275' title='bbox 3473 1979 3585 2018; x_wconf 90' lang='lat' dir='ltr'><strong>non</strong></span> 
     </span>
    </p>
   </div>
   <div class='ocr_carea' id='block_1_44' title="bbox 2005 2043 3587 2127">
    <p class='ocr_par' dir='ltr' id='par_1_44' title="bbox 2005 2043 3587 2127">
     <span class='ocr_line' id='line_1_44' title="bbox 2005 2043 3587 2127; baseline 0.01 -31"><span class='ocrx_word' id='word_1_276' title='bbox 2005 2043 2164 2097; x_wconf 90' lang='lat' dir='ltr'><strong>multi</strong></span> <span class='ocrx_word' id='word_1_277' title='bbox 2205 2059 2372 2113; x_wconf 83' lang='lat' dir='ltr'><strong>supra</strong></span> <span class='ocrx_word' id='word_1_278' title='bbox 2400 2045 2668 2099; x_wconf 86' lang='lat' dir='ltr'><strong>ducentos</strong></span> <span class='ocrx_word' id='word_1_279' title='bbox 2703 2058 3093 2102; x_wconf 75' lang='lat' dir='ltr'><strong>numerantur.</strong></span> <span class='ocrx_word' id='word_1_280' title='bbox 3138 2051 3425 2115; x_wconf 83' lang='lat' dir='ltr'><strong>Quomodo</strong></span> <span class='ocrx_word' id='word_1_281' title='bbox 3451 2051 3587 2127; x_wconf 81' lang='lat' dir='ltr'><strong>ergo</strong></span> 
     </span>
    </p>
   </div>
   <div class='ocr_carea' id='block_1_45' title="bbox 2005 2135 3587 2215">
    <p class='ocr_par' dir='ltr' id='par_1_45' title="bbox 2005 2135 3587 2215">
     <span class='ocr_line' id='line_1_45' title="bbox 2005 2135 3587 2215; baseline 0.012 -29"><span class='ocrx_word' id='word_1_282' title='bbox 2005 2145 2213 2204; x_wconf 73' lang='lat' dir='ltr'><strong>quarta:</strong></span> <span class='ocrx_word' id='word_1_283' title='bbox 2242 2135 2436 2205; x_wconf 84' lang='lat' dir='ltr'><strong>synodi</strong></span> <span class='ocrx_word' id='word_1_284' title='bbox 2466 2137 2539 2191; x_wconf 85' lang='lat' dir='ltr'><strong>sit</strong></span> <span class='ocrx_word' id='word_1_285' title='bbox 2583 2140 2686 2191; x_wconf 90' lang='lat' dir='ltr'><strong>iste</strong></span> <span class='ocrx_word' id='word_1_286' title='bbox 2727 2152 2903 2193; x_wconf 91' lang='lat' dir='ltr'><strong>canon</strong></span> <span class='ocrx_word' id='word_1_287' title='bbox 2929 2139 2951 2192; x_wconf 67' lang='grc' dir='ltr'>’ί</span> <span class='ocrx_word' id='word_1_288' title='bbox 2980 2141 3094 2210; x_wconf 79' lang='lat' dir='ltr'><strong>Ego</strong></span> <span class='ocrx_word' id='word_1_289' title='bbox 3124 2158 3258 2198; x_wconf 88' lang='lat' dir='ltr'><strong>vero</strong></span> <span class='ocrx_word' id='word_1_290' title='bbox 3290 2162 3388 2215; x_wconf 87' lang='lat' dir='ltr'><strong>per</strong></span> <span class='ocrx_word' id='word_1_291' title='bbox 3415 2158 3587 2205; x_wconf 85' lang='lat' dir='ltr'><strong>testes</strong></span> 
     </span>
    </p>
   </div>
   <div class='ocr_carea' id='block_1_46' title="bbox 2003 2227 3586 2298">
    <p class='ocr_par' dir='ltr' id='par_1_46' title="bbox 2003 2227 3586 2298">
     <span class='ocr_line' id='line_1_46' title="bbox 2003 2227 3586 2298; baseline 0.009 -18"><span class='ocrx_word' id='word_1_292' title='bbox 2003 2244 2032 2280; x_wconf 88' lang='lat' dir='ltr'><strong>a</strong></span> <span class='ocrx_word' id='word_1_293' title='bbox 2071 2236 2124 2281; x_wconf 90' lang='lat' dir='ltr'><strong>te</strong></span> <span class='ocrx_word' id='word_1_294' title='bbox 2153 2227 2400 2294; x_wconf 84' lang='lat' dir='ltr'><strong>prolatos</strong></span> <span class='ocrx_word' id='word_1_295' title='bbox 2447 2228 2692 2296; x_wconf 84' lang='lat' dir='ltr'><strong>probabo</strong></span> <span class='ocrx_word' id='word_1_296' title='bbox 2744 2232 3128 2298; x_wconf 85' lang='lat' dir='ltr'><strong>apertissime,</strong></span> <span class='ocrx_word' id='word_1_297' title='bbox 3155 2250 3500 2293; x_wconf 87' lang='lat' dir='ltr'><strong>communem</strong></span> <span class='ocrx_word' id='word_1_298' title='bbox 3528 2250 3586 2296; x_wconf 89' lang='lat' dir='ltr'><strong>ct</strong></span> 
     </span>
    </p>
   </div>
   <div class='ocr_carea' id='block_1_47' title="bbox 2004 2318 3597 2400">
    <p class='ocr_par' dir='ltr' id='par_1_47' title="bbox 2004 2318 3597 2400">
     <span class='ocr_line' id='line_1_47' title="bbox 2004 2318 3597 2400; baseline 0.009 -28"><span class='ocrx_word' id='word_1_299' title='bbox 2004 2318 2318 2374; x_wconf 87' lang='lat' dir='ltr'><strong>unanimem</strong></span> <span class='ocrx_word' id='word_1_300' title='bbox 2368 2321 2771 2375; x_wconf 77' lang='lat' dir='ltr'><strong>confessionem</strong></span> <span class='ocrx_word' id='word_1_301' title='bbox 2814 2332 3199 2381; x_wconf 74' lang='lat' dir='ltr'><strong>sexcentarum</strong></span> <span class='ocrx_word' id='word_1_302' title='bbox 3233 2331 3452 2400; x_wconf 75' lang='lat' dir='ltr'><strong>triginta</strong></span> <span class='ocrx_word' id='word_1_303' title='bbox 3484 2332 3597 2387; x_wconf 85' lang='lat' dir='ltr'><strong>Pa-&#39;</strong></span> 
     </span>
    </p>
   </div>
   <div class='ocr_carea' id='block_1_48' title="bbox 2006 2412 3583 2481">
    <p class='ocr_par' dir='ltr' id='par_1_48' title="bbox 2006 2412 3583 2481">
     <span class='ocr_line' id='line_1_48' title="bbox 2006 2412 3583 2481; baseline 0.01 -16"><span class='ocrx_word' id='word_1_304' title='bbox 2006 2422 2171 2475; x_wconf 85' lang='lat' dir='ltr'><strong>trum,</strong></span> <span class='ocrx_word' id='word_1_305' title='bbox 2195 2427 2260 2465; x_wconf 89' lang='lat' dir='ltr'><strong>ac</strong></span> <span class='ocrx_word' id='word_1_306' title='bbox 2290 2412 2523 2481; x_wconf 79' lang='lat' dir='ltr'><strong>proinde</strong></span> <span class='ocrx_word' id='word_1_307' title='bbox 2556 2413 2727 2467; x_wconf 89' lang='lat' dir='ltr'><strong>totius</strong></span> <span class='ocrx_word' id='word_1_308' title='bbox 2750 2413 3051 2471; x_wconf 82' lang='lat' dir='ltr'><strong>Orientalis</strong></span> <span class='ocrx_word' id='word_1_309' title='bbox 3078 2418 3333 2475; x_wconf 71' lang='lat' dir='ltr'><strong>Ecclesiae</strong></span> <span class='ocrx_word' id='word_1_310' title='bbox 3356 2437 3583 2480; x_wconf 87' lang='lat' dir='ltr'><strong>sensum</strong></span> 
     </span>
    </p>
   </div>
   <div class='ocr_carea' id='block_1_49' title="bbox 2000 2503 3585 2580">
    <p class='ocr_par' dir='ltr' id='par_1_49' title="bbox 2000 2503 3585 2580">
     <span class='ocr_line' id='line_1_49' title="bbox 2000 2503 3585 2580; baseline 0.011 -25"><span class='ocrx_word' id='word_1_311' title='bbox 2000 2514 2055 2556; x_wconf 87' lang='lat' dir='ltr'><strong>et</strong></span> <span class='ocrx_word' id='word_1_312' title='bbox 2085 2503 2283 2573; x_wconf 82' lang='lat' dir='ltr'><strong>dogma</strong></span> <span class='ocrx_word' id='word_1_313' title='bbox 2315 2504 2483 2559; x_wconf 80' lang='lat' dir='ltr'><strong>fuisse</strong></span> <span class='ocrx_word' id='word_1_314' title='bbox 2503 2545 2518 2569; x_wconf 98' lang='lat'><strong>,</strong></span> <span class='ocrx_word' id='word_1_315' title='bbox 2545 2506 2726 2560; x_wconf 90' lang='lat' dir='ltr'><strong>solum</strong></span> <span class='ocrx_word' id='word_1_316' title='bbox 2764 2523 2959 2578; x_wconf 87' lang='lat' dir='ltr'><strong>papam</strong></span> <span class='ocrx_word' id='word_1_317' title='bbox 2997 2520 3254 2580; x_wconf 88' lang='lat' dir='ltr'><strong>tanquam</strong></span> <span class='ocrx_word' id='word_1_318' title='bbox 3285 2513 3431 2569; x_wconf 86' lang='lat' dir='ltr'><strong>Petri</strong></span> <span class='ocrx_word' id='word_1_319' title='bbox 3460 2532 3585 2572; x_wconf 89' lang='lat' dir='ltr'><strong>suc-</strong></span> 
     </span>
    </p>
   </div>
   <div class='ocr_carea' id='block_1_50' title="bbox 2002 2598 3587 2671">
    <p class='ocr_par' dir='ltr' id='par_1_50' title="bbox 2002 2598 3587 2671">
     <span class='ocr_line' id='line_1_50' title="bbox 2002 2598 3587 2671; baseline 0.009 -20"><span class='ocrx_word' id='word_1_320' title='bbox 2002 2611 2283 2651; x_wconf 84' lang='lat' dir='ltr'><strong>cessorem</strong></span> <span class='ocrx_word' id='word_1_321' title='bbox 2314 2598 2516 2651; x_wconf 78' lang='lat' dir='ltr'><strong>habere</strong></span> <span class='ocrx_word' id='word_1_322' title='bbox 2564 2608 2896 2667; x_wconf 89' lang='lat' dir='ltr'><strong>potestatem</strong></span> <span class='ocrx_word' id='word_1_323' title='bbox 2939 2606 3360 2671; x_wconf 71' lang='lat' dir='ltr'><strong>mcumenicam,</strong></span> <span class='ocrx_word' id='word_1_324' title='bbox 3392 2623 3501 2662; x_wconf 89' lang='lat' dir='ltr'><strong>non</strong></span> <span class='ocrx_word' id='word_1_325' title='bbox 3555 2627 3587 2666; x_wconf 76' lang='grc' dir='ltr'><strong>ιι</strong></span> 
     </span>
    </p>
   </div>
   <div class='ocr_carea' id='block_1_51' title="bbox 2003 2688 3584 2766">
    <p class='ocr_par' dir='ltr' id='par_1_51' title="bbox 2003 2688 3584 2766">
     <span class='ocr_line' id='line_1_51' title="bbox 2003 2688 3584 2766; baseline 0.009 -23"><span class='ocrx_word' id='word_1_326' title='bbox 2003 2688 2278 2754; x_wconf 70' lang='lat' dir='ltr'><strong>Patribns,</strong></span> <span class='ocrx_word' id='word_1_327' title='bbox 2297 2703 2404 2742; x_wconf 91' lang='lat' dir='ltr'><strong>non</strong></span> <span class='ocrx_word' id='word_1_328' title='bbox 2426 2690 2493 2743; x_wconf 89' lang='lat' dir='ltr'><strong>ab</strong></span> <span class='ocrx_word' id='word_1_329' title='bbox 2516 2690 2967 2759; x_wconf 80' lang='lat' dir='ltr'><strong>imperatoribus.</strong></span> <span class='ocrx_word' id='word_1_330' title='bbox 2987 2695 3081 2749; x_wconf 88' lang='lat' dir='ltr'><strong>sed</strong></span> <span class='ocrx_word' id='word_1_331' title='bbox 3107 2697 3176 2750; x_wconf 87' lang='lat' dir='ltr'><strong>ab</strong></span> <span class='ocrx_word' id='word_1_332' title='bbox 3202 2697 3320 2766; x_wconf 92' lang='lat' dir='ltr'><strong>ipso</strong></span> <span class='ocrx_word' id='word_1_333' title='bbox 3339 2701 3584 2758; x_wconf 81' lang='lat' dir='ltr'><strong>Christo.</strong></span> 
     </span>
    </p>
   </div>
   <div class='ocr_carea' id='block_1_52' title="bbox 322 2782 3585 2864">
    <p class='ocr_par' dir='ltr' id='par_1_52' title="bbox 322 2782 3585 2864">
     <span class='ocr_line' id='line_1_52' title="bbox 322 2782 3585 2864; baseline 0.003 -26"><span class='ocrx_word' id='word_1_334' title='bbox 322 2785 575 2856; x_wconf 83' lang='grc' dir='ltr'>φρόνημα</span> <span class='ocrx_word' id='word_1_335' title='bbox 602 2784 990 2853; x_wconf 76' lang='grc' dir='ltr'>γενέσθαικαὶ</span> <span class='ocrx_word' id='word_1_336' title='bbox 1032 2785 1320 2855; x_wconf 83' lang='grc' dir='ltr'>κήρυγμα,</span> <span class='ocrx_word' id='word_1_337' title='bbox 1379 2786 1541 2855; x_wconf 89' lang='grc' dir='ltr'>μόνον</span> <span class='ocrx_word' id='word_1_338' title='bbox 1603 2786 1697 2837; x_wconf 79' lang='grc' dir='ltr'><strong>τὸν</strong></span> <span class='ocrx_word' id='word_1_339' title='bbox 1743 2787 1981 2838; x_wconf 81' lang='grc' dir='ltr'>πάππαν</span> <span class='ocrx_word' id='word_1_340' title='bbox 2022 2782 2166 2851; x_wconf 76' lang='grc' dir='ltr'>ἔχειν</span> <span class='ocrx_word' id='word_1_341' title='bbox 2220 2782 2317 2852; x_wconf 79' lang='grc' dir='ltr'>τὴν</span> <span class='ocrx_word' id='word_1_342' title='bbox 2363 2783 2756 2855; x_wconf 80' lang='grc' dir='ltr'>οίκουμενικὴν</span> <span class='ocrx_word' id='word_1_343' title='bbox 2812 2784 3068 2850; x_wconf 74' lang='grc' dir='ltr'>ἐξουσίαν</span> <span class='ocrx_word' id='word_1_344' title='bbox 3129 2790 3325 2852; x_wconf 76' lang='grc' dir='ltr'>ώςτοῦ</span> <span class='ocrx_word' id='word_1_345' title='bbox 3371 2794 3585 2864; x_wconf 75' lang='grc' dir='ltr'>Πέτρου</span> 
     </span>
    </p>
   </div>
   <div class='ocr_carea' id='block_1_53' title="bbox 319 2878 3191 2952">
    <p class='ocr_par' dir='ltr' id='par_1_53' title="bbox 319 2878 3191 2952">
     <span class='ocr_line' id='line_1_53' title="bbox 319 2878 3191 2952; baseline 0.001 -17"><span class='ocrx_word' id='word_1_346' title='bbox 319 2881 584 2952; x_wconf 80' lang='grc' dir='ltr'>διάδοχον,</span> <span class='ocrx_word' id='word_1_347' title='bbox 612 2881 706 2935; x_wconf 75' lang='grc' dir='ltr'><strong>καὶ</strong></span> <span class='ocrx_word' id='word_1_348' title='bbox 732 2880 891 2933; x_wconf 80' lang='grc' dir='ltr'>τοῦτο</span> <span class='ocrx_word' id='word_1_349' title='bbox 919 2882 984 2934; x_wconf 83' lang='grc' dir='ltr'>ού</span> <span class='ocrx_word' id='word_1_350' title='bbox 1015 2882 1170 2949; x_wconf 88' lang='grc' dir='ltr'><strong>παρά</strong></span> <span class='ocrx_word' id='word_1_351' title='bbox 1194 2881 1302 2933; x_wconf 81' lang='grc' dir='ltr'><strong>τῶν</strong></span> <span class='ocrx_word' id='word_1_352' title='bbox 1333 2881 1619 2951; x_wconf 69' lang='grc' dir='ltr'>Πατέρων,</span> <span class='ocrx_word' id='word_1_353' title='bbox 1683 2881 1745 2934; x_wconf 86' lang='grc' dir='ltr'><strong>ού</strong></span> <span class='ocrx_word' id='word_1_354' title='bbox 1775 2880 1931 2950; x_wconf 85' lang='grc' dir='ltr'>παρά</span> <span class='ocrx_word' id='word_1_355' title='bbox 1972 2878 2263 2951; x_wconf 85' lang='grc' dir='ltr'>βασιλέων,</span> <span class='ocrx_word' id='word_1_356' title='bbox 2286 2878 2422 2932; x_wconf 73' lang='grc' dir='ltr'><strong>ἀλλά</strong></span> <span class='ocrx_word' id='word_1_357' title='bbox 2447 2880 2579 2946; x_wconf 79' lang='grc' dir='ltr'>παρ’</span> <span class='ocrx_word' id='word_1_358' title='bbox 2604 2881 2769 2933; x_wconf 73' lang='grc' dir='ltr'>αὑτοῦ</span> <span class='ocrx_word' id='word_1_359' title='bbox 2799 2883 2896 2935; x_wconf 84' lang='grc' dir='ltr'><strong>τοῦ</strong></span> <span class='ocrx_word' id='word_1_360' title='bbox 2932 2884 3191 2952; x_wconf 80' lang='grc' dir='ltr'>Χριστοῦ.</span> 
     </span>
    </p>
   </div>
   <div class='ocr_carea' id='block_1_54' title="bbox 389 2970 1902 3055">
    <p class='ocr_par' dir='ltr' id='par_1_54' title="bbox 389 2974 1901 3044">
     <span class='ocr_line' id='line_1_54' title="bbox 389 2974 1901 3044; baseline -0.001 -17"><span class='ocrx_word' id='word_1_361' title='bbox 389 2976 686 3044; x_wconf 86' lang='grc' dir='ltr'>Γράφουσα</span> <span class='ocrx_word' id='word_1_362' title='bbox 731 2975 911 3027; x_wconf 77' lang='grc' dir='ltr'>τοίνυν</span> <span class='ocrx_word' id='word_1_363' title='bbox 956 2975 989 3044; x_wconf 78' lang='grc' dir='ltr'>ἠ</span> <span class='ocrx_word' id='word_1_364' title='bbox 1033 2974 1167 3040; x_wconf 88' lang='grc' dir='ltr'>άγία</span> <span class='ocrx_word' id='word_1_365' title='bbox 1210 2974 1444 3044; x_wconf 83' lang='grc' dir='ltr'>τετάρτη</span> <span class='ocrx_word' id='word_1_366' title='bbox 1495 2974 1715 3036; x_wconf 82' lang='grc' dir='ltr'>σύνοδος</span> <span class='ocrx_word' id='word_1_367' title='bbox 1765 2974 1901 3044; x_wconf 73' lang='grc' dir='ltr'>προς</span> 
     </span>
    </p>
   </div>
   <div class='ocr_carea' id='block_1_55' title="bbox 2006 2970 3584 3055">
    <p class='ocr_par' dir='ltr' id='par_1_55' title="bbox 2079 2970 3584 3055">
     <span class='ocr_line' id='line_1_55' title="bbox 2079 2970 3584 3055; baseline 0.009 -29"><span class='ocrx_word' id='word_1_368' title='bbox 2079 2970 2338 3026; x_wconf 90' lang='lat' dir='ltr'><strong>Scribens</strong></span> <span class='ocrx_word' id='word_1_369' title='bbox 2402 2974 2469 3024; x_wconf 88' lang='lat' dir='ltr'><strong>ad</strong></span> <span class='ocrx_word' id='word_1_370' title='bbox 2529 2971 2770 3026; x_wconf 78' lang='lat' dir='ltr'><strong>Leonem</strong></span> <span class='ocrx_word' id='word_1_371' title='bbox 2827 2990 3022 3044; x_wconf 88' lang='lat' dir='ltr'><strong>papam</strong></span> <span class='ocrx_word' id='word_1_372' title='bbox 3091 2991 3281 3034; x_wconf 84' lang='lat' dir='ltr'><strong>sancta</strong></span> <span class='ocrx_word' id='word_1_373' title='bbox 3339 2985 3584 3055; x_wconf 79' lang='lat' dir='ltr'><strong>synodus</strong></span> 
     </span>
    </p>
   </div>
   <div class='ocr_carea' id='block_1_56' title="bbox 319 3066 1903 3136">
    <p class='ocr_par' dir='ltr' id='par_1_56' title="bbox 319 3066 1903 3136">
     <span class='ocr_line' id='line_1_56' title="bbox 319 3066 1903 3136; baseline -0.003 -14"><span class='ocrx_word' id='word_1_374' title='bbox 319 3067 527 3122; x_wconf 76' lang='grc' dir='ltr'>Λέοντα</span> <span class='ocrx_word' id='word_1_375' title='bbox 548 3066 640 3119; x_wconf 81' lang='grc' dir='ltr'><strong>τὸν</strong></span> <span class='ocrx_word' id='word_1_376' title='bbox 659 3066 912 3129; x_wconf 84' lang='grc' dir='ltr'>πάππαν,</span> <span class='ocrx_word' id='word_1_377' title='bbox 934 3067 1027 3118; x_wconf 81' lang='grc' dir='ltr'>καὶ</span> <span class='ocrx_word' id='word_1_378' title='bbox 1048 3066 1147 3134; x_wconf 80' lang='grc' dir='ltr'><strong>τὴν</strong></span> <span class='ocrx_word' id='word_1_379' title='bbox 1168 3066 1453 3135; x_wconf 82' lang='grc' dir='ltr'>ἀναφοράν</span> <span class='ocrx_word' id='word_1_380' title='bbox 1473 3068 1773 3136; x_wconf 76' lang='grc' dir='ltr'>ποιουμένη</span> <span class='ocrx_word' id='word_1_381' title='bbox 1792 3068 1903 3118; x_wconf 83' lang='grc' dir='ltr'><strong>τῶν</strong></span> 
     </span>
    </p>
   </div>
   <div class='ocr_carea' id='block_1_57' title="bbox 318 3158 1902 3230">
    <p class='ocr_par' dir='ltr' id='par_1_57' title="bbox 318 3158 1902 3230">
     <span class='ocr_line' id='line_1_57' title="bbox 318 3158 1902 3230; baseline -0.001 -16"><span class='ocrx_word' id='word_1_382' title='bbox 318 3161 596 3228; x_wconf 70' lang='grc' dir='ltr'>δνθέσμως</span> <span class='ocrx_word' id='word_1_383' title='bbox 630 3159 1039 3229; x_wconf 78' lang='grc' dir='ltr'>πεπραγμένων</span> <span class='ocrx_word' id='word_1_384' title='bbox 1064 3159 1194 3230; x_wconf 81' lang='grc' dir='ltr'>περὶ</span> <span class='ocrx_word' id='word_1_385' title='bbox 1228 3158 1288 3211; x_wconf 86' lang='grc' dir='ltr'>τὸ</span> <span class='ocrx_word' id='word_1_386' title='bbox 1317 3160 1494 3227; x_wconf 87' lang='grc' dir='ltr'>δόγμα</span> <span class='ocrx_word' id='word_1_387' title='bbox 1521 3158 1617 3228; x_wconf 84' lang='grc' dir='ltr'><strong>τῆς</strong></span> <span class='ocrx_word' id='word_1_388' title='bbox 1646 3159 1902 3224; x_wconf 80' lang='grc' dir='ltr'>πίστεως,</span> 
     </span>
    </p>
   </div>
   <div class='ocr_carea' id='block_1_58' title="bbox 318 3250 1901 3322">
    <p class='ocr_par' dir='ltr' id='par_1_58' title="bbox 318 3250 1901 3322">
     <span class='ocr_line' id='line_1_58' title="bbox 318 3250 1901 3322; baseline -0.001 -17"><span class='ocrx_word' id='word_1_389' title='bbox 318 3255 453 3322; x_wconf 79' lang='grc' dir='ltr'>φησὶ</span> <span class='ocrx_word' id='word_1_390' title='bbox 481 3255 614 3322; x_wconf 74' lang='grc' dir='ltr'>περὶ</span> <span class='ocrx_word' id='word_1_391' title='bbox 645 3252 960 3321; x_wconf 85' lang='grc' dir='ltr'>Διοσκόρου·</span> <span class='ocrx_word' id='word_1_392' title='bbox 992 3268 1012 3301; x_wconf 79' lang='lat' dir='ltr'><strong>t</strong></span> <span class='ocrx_word' id='word_1_393' title='bbox 1055 3252 1165 3304; x_wconf 81' lang='grc' dir='ltr'><strong>Καὶ</strong></span> <span class='ocrx_word' id='word_1_394' title='bbox 1194 3251 1321 3315; x_wconf 72' lang='grc' dir='ltr'>τοὺς</span> <span class='ocrx_word' id='word_1_395' title='bbox 1357 3250 1459 3321; x_wconf 82' lang='grc' dir='ltr'><strong>μὲν</strong></span> <span class='ocrx_word' id='word_1_396' title='bbox 1524 3253 1595 3304; x_wconf 84' lang='grc' dir='ltr'><strong>τά</strong></span> <span class='ocrx_word' id='word_1_397' title='bbox 1623 3253 1901 3321; x_wconf 77' lang='grc' dir='ltr'>ποιμένων</span> 
     </span>
    </p>
   </div>
   <div class='ocr_carea' id='block_1_59' title="bbox 316 3344 1904 3422">
    <p class='ocr_par' dir='ltr' id='par_1_59' title="bbox 316 3344 1904 3422">
     <span class='ocr_line' id='line_1_59' title="bbox 316 3344 1904 3422; baseline -0.02 -4"><span class='ocrx_word' id='word_1_398' title='bbox 316 3349 653 3418; x_wconf 68' lang='grc' dir='ltr'><strong>φρονοῦντας</strong></span> <span class='ocrx_word' id='word_1_399' title='bbox 684 3349 953 3416; x_wconf 82' lang='grc' dir='ltr'>ἀπέτεμε,</span> <span class='ocrx_word' id='word_1_400' title='bbox 979 3346 1107 3407; x_wconf 77' lang='grc' dir='ltr'>τοὺς</span> <span class='ocrx_word' id='word_1_401' title='bbox 1154 3346 1212 3399; x_wconf 88' lang='grc' dir='ltr'><strong>δὲ</strong></span> <span class='ocrx_word' id='word_1_402' title='bbox 1254 3346 1453 3407; x_wconf 80' lang='grc' dir='ltr'>λύκους</span> <span class='ocrx_word' id='word_1_403' title='bbox 1503 3344 1904 3422; x_wconf 23' lang='grc' dir='ltr'>,ἀποδεδειγμέο</span> 
     </span>
    </p>
   </div>
   <div class='ocr_carea' id='block_1_60' title="bbox 316 3434 1903 3507">
    <p class='ocr_par' dir='ltr' id='par_1_60' title="bbox 316 3434 1903 3507">
     <span class='ocr_line' id='line_1_60' title="bbox 316 3434 1903 3507; baseline -0.004 -15"><span class='ocrx_word' id='word_1_404' title='bbox 316 3455 444 3502; x_wconf 87' lang='grc' dir='ltr'>νους</span> <span class='ocrx_word' id='word_1_405' title='bbox 475 3441 591 3501; x_wconf 85' lang='grc' dir='ltr'>τοῖς</span> <span class='ocrx_word' id='word_1_406' title='bbox 626 3437 941 3507; x_wconf 79' lang='grc' dir='ltr'>προδάτοις</span> <span class='ocrx_word' id='word_1_407' title='bbox 998 3437 1291 3506; x_wconf 67' lang='grc' dir='ltr'>ἐπέστησε*</span> <span class='ocrx_word' id='word_1_408' title='bbox 1343 3437 1438 3488; x_wconf 76' lang='grc' dir='ltr'><strong>καὶ</strong></span> <span class='ocrx_word' id='word_1_409' title='bbox 1496 3434 1635 3504; x_wconf 78' lang='grc' dir='ltr'>πρὸς</span> <span class='ocrx_word' id='word_1_410' title='bbox 1690 3438 1903 3497; x_wconf 84' lang='grc' dir='ltr'>τούτοις</span> 
     </span>
    </p>
   </div>
   <div class='ocr_carea' id='block_1_61' title="bbox 314 3527 1901 3598">
    <p class='ocr_par' dir='ltr' id='par_1_61' title="bbox 314 3527 1901 3598">
     <span class='ocr_line' id='line_1_61' title="bbox 314 3527 1901 3598; baseline -0.004 -13"><span class='ocrx_word' id='word_1_411' title='bbox 314 3531 518 3585; x_wconf 68' lang='grc' dir='ltr'>ἅπασιν</span> <span class='ocrx_word' id='word_1_412' title='bbox 564 3531 647 3583; x_wconf 74' lang='grc' dir='ltr'>ἔτι</span> <span class='ocrx_word' id='word_1_413' title='bbox 692 3531 795 3583; x_wconf 81' lang='grc' dir='ltr'>καὶ</span> <span class='ocrx_word' id='word_1_414' title='bbox 824 3529 945 3598; x_wconf 80' lang='grc' dir='ltr'>κατ’</span> <span class='ocrx_word' id='word_1_415' title='bbox 972 3527 1145 3582; x_wconf 80' lang='grc' dir='ltr'>αὑτοῦ</span> <span class='ocrx_word' id='word_1_416' title='bbox 1203 3528 1303 3581; x_wconf 75' lang='grc' dir='ltr'><strong>τοῦ</strong></span> <span class='ocrx_word' id='word_1_417' title='bbox 1342 3529 1443 3598; x_wconf 80' lang='grc' dir='ltr'><strong>τῆς</strong></span> <span class='ocrx_word' id='word_1_418' title='bbox 1489 3528 1743 3597; x_wconf 86' lang='grc' dir='ltr'>ἀμπέλου</span> <span class='ocrx_word' id='word_1_419' title='bbox 1799 3527 1901 3598; x_wconf 76' lang='grc' dir='ltr'>τὴν</span> 
     </span>
    </p>
   </div>
   <div class='ocr_carea' id='block_1_62' title="bbox 316 3596 1898 3693">
    <p class='ocr_par' dir='ltr' id='par_1_62' title="bbox 316 3596 1898 3693">
     <span class='ocr_line' id='line_1_62' title="bbox 316 3596 1898 3693; baseline -0.002 -19"><span class='ocrx_word' id='word_1_420' title='bbox 316 3622 570 3693; x_wconf 78' lang='grc' dir='ltr'>φυλακὴν</span> <span class='ocrx_word' id='word_1_421' title='bbox 599 3623 749 3691; x_wconf 83' lang='grc' dir='ltr'><strong>παρά</strong></span> <span class='ocrx_word' id='word_1_422' title='bbox 799 3596 900 3674; x_wconf 73' lang='grc' dir='ltr'><strong>τοῦ</strong></span> <span class='ocrx_word' id='word_1_423' title='bbox 953 3620 1209 3690; x_wconf 81' lang='grc' dir='ltr'>Σωτῆρος</span> <span class='ocrx_word' id='word_1_424' title='bbox 1271 3596 1760 3689; x_wconf 73' lang='grc' dir='ltr'>ἐπιτετραμμένου</span> <span class='ocrx_word' id='word_1_425' title='bbox 1796 3596 1898 3690; x_wconf 69' lang='grc' dir='ltr'><strong>την</strong></span> 
     </span>
    </p>
   </div>
   <div class='ocr_carea' id='block_1_63' title="bbox 322 3711 1901 3784">
    <p class='ocr_par' dir='ltr' id='par_1_63' title="bbox 322 3711 1901 3784">
     <span class='ocr_line' id='line_1_63' title="bbox 322 3711 1901 3784; baseline -0.002 -17"><span class='ocrx_word' id='word_1_426' title='bbox 322 3716 520 3784; x_wconf 81' lang='grc' dir='ltr'>μανίαν</span> <span class='ocrx_word' id='word_1_427' title='bbox 560 3714 818 3781; x_wconf 78' lang='grc' dir='ltr'>ἐξέτεινε,</span> <span class='ocrx_word' id='word_1_428' title='bbox 846 3713 1085 3782; x_wconf 81' lang='grc' dir='ltr'>λέγομεν</span> <span class='ocrx_word' id='word_1_429' title='bbox 1120 3712 1186 3782; x_wconf 81' lang='grc' dir='ltr'>δὴ</span> <span class='ocrx_word' id='word_1_430' title='bbox 1221 3712 1318 3781; x_wconf 82' lang='grc' dir='ltr'>τῆς</span> <span class='ocrx_word' id='word_1_431' title='bbox 1349 3712 1450 3781; x_wconf 80' lang='grc' dir='ltr'>σῆς</span> <span class='ocrx_word' id='word_1_432' title='bbox 1473 3711 1781 3781; x_wconf 76' lang='grc' dir='ltr'>ὁσιότητος,</span> <span class='ocrx_word' id='word_1_433' title='bbox 1806 3714 1901 3764; x_wconf 79' lang='grc' dir='ltr'>καὶ</span> 
     </span>
    </p>
   </div>
   <div class='ocr_carea' id='block_1_64' title="bbox 317 3804 1903 3878">
    <p class='ocr_par' dir='ltr' id='par_1_64' title="bbox 317 3804 1903 3878">
     <span class='ocr_line' id='line_1_64' title="bbox 317 3804 1903 3878; baseline -0.003 -17"><span class='ocrx_word' id='word_1_434' title='bbox 317 3810 718 3878; x_wconf 84' lang='grc' dir='ltr'>ἀκοινωνησίαν</span> <span class='ocrx_word' id='word_1_435' title='bbox 762 3809 905 3860; x_wconf 88' lang='grc' dir='ltr'><strong>κατά</strong></span> <span class='ocrx_word' id='word_1_436' title='bbox 935 3807 1029 3861; x_wconf 86' lang='grc' dir='ltr'>τοῦ</span> <span class='ocrx_word' id='word_1_437' title='bbox 1095 3808 1155 3858; x_wconf 92' lang='grc' dir='ltr'><strong>τὸ</strong></span> <span class='ocrx_word' id='word_1_438' title='bbox 1190 3806 1350 3876; x_wconf 85' lang='grc' dir='ltr'>σῶμα</span> <span class='ocrx_word' id='word_1_439' title='bbox 1416 3807 1512 3875; x_wconf 78' lang='grc' dir='ltr'><strong>τῆς</strong></span> <span class='ocrx_word' id='word_1_440' title='bbox 1570 3804 1903 3876; x_wconf 82' lang='grc' dir='ltr'>Ἐκκλησίας</span> 
     </span>
    </p>
   </div>
   <div class='ocr_carea' id='block_1_65' title="bbox 317 3901 1356 3968">
    <p class='ocr_par' dir='ltr' id='par_1_65' title="bbox 317 3901 1356 3968">
     <span class='ocr_line' id='line_1_65' title="bbox 317 3901 1356 3968; baseline -0.004 -15"><span class='ocrx_word' id='word_1_441' title='bbox 317 3902 473 3954; x_wconf 81' lang='grc' dir='ltr'>ἑνοῦν</span> <span class='ocrx_word' id='word_1_442' title='bbox 509 3902 918 3964; x_wconf 82' lang='grc' dir='ltr'>σπουδάσαντος</span> <span class='ocrx_word' id='word_1_443' title='bbox 944 3901 1300 3968; x_wconf 82' lang='grc' dir='ltr'>ὲμελέτησεν.</span> <span class='ocrx_word' id='word_1_444' title='bbox 1337 3917 1356 3949; x_wconf 74' lang='grc' dir='ltr'><strong>ι</strong></span> 
     </span>
    </p>
   </div>
   <div class='ocr_carea' id='block_1_66' title="bbox 389 3990 1897 4063">
    <p class='ocr_par' dir='ltr' id='par_1_66' title="bbox 389 3990 1897 4063">
     <span class='ocr_line' id='line_1_66' title="bbox 389 3990 1897 4063; baseline -0.001 -18"><span class='ocrx_word' id='word_1_445' title='bbox 389 3995 463 4049; x_wconf 82' lang='grc' dir='ltr'><strong>Σὺ</strong></span> <span class='ocrx_word' id='word_1_446' title='bbox 490 3995 591 4063; x_wconf 78' lang='grc' dir='ltr'><strong>μὲν</strong></span> <span class='ocrx_word' id='word_1_447' title='bbox 619 3990 735 4059; x_wconf 84' lang='grc' dir='ltr'>οὖν,</span> <span class='ocrx_word' id='word_1_448' title='bbox 762 3992 945 4059; x_wconf 85' lang='grc' dir='ltr'>Νεῖλε,</span> <span class='ocrx_word' id='word_1_449' title='bbox 984 3993 1074 4044; x_wconf 86' lang='grc' dir='ltr'><strong>τὸν</strong></span> <span class='ocrx_word' id='word_1_450' title='bbox 1122 3992 1363 4044; x_wconf 84' lang='grc' dir='ltr'>πάππαν</span> <span class='ocrx_word' id='word_1_451' title='bbox 1397 3991 1575 4058; x_wconf 84' lang='grc' dir='ltr'>λέγεις</span> <span class='ocrx_word' id='word_1_452' title='bbox 1611 3991 1897 4061; x_wconf 68' lang='grc' dir='ltr'>εἰληφέναι</span> 
     </span>
    </p>
   </div>
   <div class='ocr_carea' id='block_1_67' title="bbox 315 4074 1899 4155">
    <p class='ocr_par' dir='ltr' id='par_1_67' title="bbox 315 4074 1899 4155">
     <span class='ocr_line' id='line_1_67' title="bbox 315 4074 1899 4155; baseline -0.003 -16"><span class='ocrx_word' id='word_1_453' title='bbox 315 4087 379 4139; x_wconf 76' lang='grc' dir='ltr'>τὸ</span> <span class='ocrx_word' id='word_1_454' title='bbox 425 4074 698 4155; x_wconf 60' lang='grc' dir='ltr'>πρωτεῖον</span> <span class='ocrx_word' id='word_1_455' title='bbox 720 4085 783 4137; x_wconf 86' lang='grc' dir='ltr'>ού</span> <span class='ocrx_word' id='word_1_456' title='bbox 831 4084 983 4153; x_wconf 89' lang='grc' dir='ltr'><strong>παρὰ</strong></span> <span class='ocrx_word' id='word_1_457' title='bbox 1015 4084 1109 4136; x_wconf 87' lang='grc' dir='ltr'><strong>τοῦ</strong></span> <span class='ocrx_word' id='word_1_458' title='bbox 1150 4085 1377 4152; x_wconf 76' lang='grc' dir='ltr'>Πέτρου,</span> <span class='ocrx_word' id='word_1_459' title='bbox 1414 4082 1552 4135; x_wconf 78' lang='grc' dir='ltr'><strong>ἀλλά</strong></span> <span class='ocrx_word' id='word_1_460' title='bbox 1604 4088 1759 4153; x_wconf 86' lang='grc' dir='ltr'><strong>παρά</strong></span> <span class='ocrx_word' id='word_1_461' title='bbox 1789 4084 1899 4135; x_wconf 82' lang='grc' dir='ltr'>τῶν</span> 
     </span>
    </p>
   </div>
   <div class='ocr_carea' id='block_1_68' title="bbox 320 4175 1893 4250">
    <p class='ocr_par' dir='ltr' id='par_1_68' title="bbox 320 4175 1893 4250">
     <span class='ocr_line' id='line_1_68' title="bbox 320 4175 1893 4250; baseline -0.003 -18"><span class='ocrx_word' id='word_1_462' title='bbox 320 4179 605 4250; x_wconf 82' lang='grc' dir='ltr'>μακαρίων</span> <span class='ocrx_word' id='word_1_463' title='bbox 632 4179 914 4248; x_wconf 78' lang='grc' dir='ltr'>Πατέρων,</span> <span class='ocrx_word' id='word_1_464' title='bbox 947 4177 1043 4229; x_wconf 77' lang='grc' dir='ltr'>καὶ</span> <span class='ocrx_word' id='word_1_465' title='bbox 1082 4177 1193 4229; x_wconf 82' lang='grc' dir='ltr'><strong>τῶν</strong></span> <span class='ocrx_word' id='word_1_466' title='bbox 1225 4175 1470 4228; x_wconf 80' lang='grc' dir='ltr'>εύσεόὦν</span> <span class='ocrx_word' id='word_1_467' title='bbox 1523 4175 1791 4245; x_wconf 75' lang='grc' dir='ltr'>βασιλέων</span> <span class='ocrx_word' id='word_1_468' title='bbox 1813 4188 1827 4202; x_wconf 78' lang='grc'><strong>⁸</strong></span> <span class='ocrx_word' id='word_1_469' title='bbox 1860 4176 1893 4244; x_wconf 71' lang='grc' dir='ltr'>ἡ</span> 
     </span>
    </p>
   </div>
   <div class='ocr_carea' id='block_1_69' title="bbox 314 4268 1898 4339">
    <p class='ocr_par' dir='ltr' id='par_1_69' title="bbox 314 4268 1898 4339">
     <span class='ocr_line' id='line_1_69' title="bbox 314 4268 1898 4339; baseline -0.003 -14"><span class='ocrx_word' id='word_1_470' title='bbox 314 4273 373 4325; x_wconf 73' lang='grc' dir='ltr'>δὲ</span> <span class='ocrx_word' id='word_1_471' title='bbox 408 4272 540 4338; x_wconf 82' lang='grc' dir='ltr'>ἀγία</span> <span class='ocrx_word' id='word_1_472' title='bbox 564 4272 784 4334; x_wconf 67' lang='grc' dir='ltr'>σύνοδος</span> <span class='ocrx_word' id='word_1_473' title='bbox 813 4271 903 4323; x_wconf 82' lang='grc' dir='ltr'><strong>τὸν</strong></span> <span class='ocrx_word' id='word_1_474' title='bbox 928 4272 1166 4323; x_wconf 86' lang='grc' dir='ltr'>πάππαν</span> <span class='ocrx_word' id='word_1_475' title='bbox 1195 4269 1600 4339; x_wconf 70' lang='grc' dir='ltr'>ἐπιτετράφθαι</span> <span class='ocrx_word' id='word_1_476' title='bbox 1636 4268 1773 4338; x_wconf 71' lang='grc' dir='ltr'>φησι</span> <span class='ocrx_word' id='word_1_477' title='bbox 1796 4270 1898 4337; x_wconf 79' lang='grc' dir='ltr'>τὴν</span> 
     </span>
    </p>
   </div>
   <div class='ocr_carea' id='block_1_70' title="bbox 318 4354 1572 4435">
    <p class='ocr_par' dir='ltr' id='par_1_70' title="bbox 318 4354 1572 4435">
     <span class='ocr_line' id='line_1_70' title="bbox 318 4354 1572 4435; baseline -0.003 -17"><span class='ocrx_word' id='word_1_478' title='bbox 318 4354 566 4435; x_wconf 63' lang='grc' dir='ltr'>φυλακην</span> <span class='ocrx_word' id='word_1_479' title='bbox 596 4365 695 4435; x_wconf 79' lang='grc' dir='ltr'>τῆς</span> <span class='ocrx_word' id='word_1_480' title='bbox 720 4363 970 4434; x_wconf 72' lang='grc' dir='ltr'>ἀμπέλου</span> <span class='ocrx_word' id='word_1_481' title='bbox 1009 4364 1161 4432; x_wconf 86' lang='grc' dir='ltr'><strong>παρά</strong></span> <span class='ocrx_word' id='word_1_482' title='bbox 1181 4362 1277 4416; x_wconf 82' lang='grc' dir='ltr'>τοῦ</span> <span class='ocrx_word' id='word_1_483' title='bbox 1297 4360 1572 4431; x_wconf 80' lang='grc' dir='ltr'>Σωτῆρος.</span> 
     </span>
    </p>
   </div>
   <div class='ocr_carea' id='block_1_71' title="bbox 390 4450 1897 4523">
    <p class='ocr_par' dir='ltr' id='par_1_71' title="bbox 390 4450 1897 4523">
     <span class='ocr_line' id='line_1_71' title="bbox 390 4450 1897 4523; baseline -0.001 -16"><span class='ocrx_word' id='word_1_484' title='bbox 390 4456 461 4508; x_wconf 80' lang='grc' dir='ltr'><strong>Σὺ</strong></span> <span class='ocrx_word' id='word_1_485' title='bbox 489 4457 694 4523; x_wconf 80' lang='grc' dir='ltr'>λέγεις,</span> <span class='ocrx_word' id='word_1_486' title='bbox 725 4456 815 4507; x_wconf 87' lang='grc' dir='ltr'><strong>τὸν</strong></span> <span class='ocrx_word' id='word_1_487' title='bbox 847 4454 1081 4507; x_wconf 85' lang='grc' dir='ltr'>πάππαν</span> <span class='ocrx_word' id='word_1_488' title='bbox 1106 4450 1246 4507; x_wconf 78' lang='grc' dir='ltr'>εἶναι</span> <span class='ocrx_word' id='word_1_489' title='bbox 1276 4452 1373 4522; x_wconf 83' lang='grc' dir='ltr'><strong>τῆς</strong></span> <span class='ocrx_word' id='word_1_490' title='bbox 1412 4452 1637 4522; x_wconf 84' lang='grc' dir='ltr'>Ῥώμης</span> <span class='ocrx_word' id='word_1_491' title='bbox 1666 4453 1897 4506; x_wconf 73' lang='grc' dir='ltr'>ἐπίσκο-</span> 
     </span>
    </p>
   </div>
   <div class='ocr_carea' id='block_1_72' title="bbox 317 4544 1899 4618">
    <p class='ocr_par' dir='ltr' id='par_1_72' title="bbox 317 4544 1899 4618">
     <span class='ocr_line' id='line_1_72' title="bbox 317 4544 1899 4618; baseline -0.002 -16"><span class='ocrx_word' id='word_1_492' title='bbox 317 4566 421 4602; x_wconf 88' lang='grc' dir='ltr'><strong>πον</strong></span> <span class='ocrx_word' id='word_1_493' title='bbox 451 4547 743 4618; x_wconf 53' lang='grc' dir='ltr'>παράίτοῦ</span> <span class='ocrx_word' id='word_1_494' title='bbox 765 4548 995 4617; x_wconf 73' lang='grc' dir='ltr'><strong>⁸Πέτρου</strong></span> <span class='ocrx_word' id='word_1_495' title='bbox 1030 4545 1128 4598; x_wconf 76' lang='grc' dir='ltr'>καὶ</span> <span class='ocrx_word' id='word_1_496' title='bbox 1160 4545 1379 4615; x_wconf 84' lang='grc' dir='ltr'>πρῶτον</span> <span class='ocrx_word' id='word_1_497' title='bbox 1431 4544 1541 4597; x_wconf 81' lang='grc' dir='ltr'>τῶν</span> <span class='ocrx_word' id='word_1_498' title='bbox 1579 4546 1899 4600; x_wconf 69' lang='grc' dir='ltr'>ἐπισκόπων</span> 
     </span>
    </p>
   </div>
   <div class='ocr_carea' id='block_1_73' title="bbox 317 4636 1891 4712">
    <p class='ocr_par' dir='ltr' id='par_1_73' title="bbox 317 4636 1891 4712">
     <span class='ocr_line' id='line_1_73' title="bbox 317 4636 1891 4712; baseline -0.001 -21"><span class='ocrx_word' id='word_1_499' title='bbox 317 4641 472 4712; x_wconf 82' lang='grc' dir='ltr'><strong>παρά</strong></span> <span class='ocrx_word' id='word_1_500' title='bbox 497 4641 603 4692; x_wconf 84' lang='grc' dir='ltr'>τῶν</span> <span class='ocrx_word' id='word_1_501' title='bbox 638 4640 895 4709; x_wconf 82' lang='grc' dir='ltr'>Ιιατέρων</span> <span class='ocrx_word' id='word_1_502' title='bbox 932 4639 1026 4691; x_wconf 78' lang='grc' dir='ltr'><strong>καὶ</strong></span> <span class='ocrx_word' id='word_1_503' title='bbox 1075 4638 1361 4707; x_wconf 76' lang='grc' dir='ltr'>βασιλέων.</span> <span class='ocrx_word' id='word_1_504' title='bbox 1403 4636 1471 4689; x_wconf 83' lang='grc' dir='ltr'><strong>Ἠ</strong></span> <span class='ocrx_word' id='word_1_505' title='bbox 1509 4636 1566 4692; x_wconf 72' lang='grc' dir='ltr'>δὲ</span> <span class='ocrx_word' id='word_1_506' title='bbox 1591 4638 1723 4703; x_wconf 86' lang='grc' dir='ltr'>ἀγία</span> <span class='ocrx_word' id='word_1_507' title='bbox 1760 4639 1891 4690; x_wconf 86' lang='grc' dir='ltr'>σύν-</span> 
     </span>
    </p>
   </div>
   <div class='ocr_carea' id='block_1_74' title="bbox 317 4730 1898 4802">
    <p class='ocr_par' dir='ltr' id='par_1_74' title="bbox 317 4730 1898 4802">
     <span class='ocr_line' id='line_1_74' title="bbox 317 4730 1898 4802; baseline -0.001 -18"><span class='ocrx_word' id='word_1_508' title='bbox 317 4733 436 4795; x_wconf 83' lang='grc' dir='ltr'>οδος</span> <span class='ocrx_word' id='word_1_509' title='bbox 474 4733 553 4802; x_wconf 85' lang='grc' dir='ltr'>τῷ</span> <span class='ocrx_word' id='word_1_510' title='bbox 602 4732 1005 4802; x_wconf 81' lang='grc' dir='ltr'>μακαριωτάτῳ</span> <span class='ocrx_word' id='word_1_511' title='bbox 1038 4733 1138 4799; x_wconf 71' lang='grc' dir='ltr'>τῆς</span> <span class='ocrx_word' id='word_1_512' title='bbox 1186 4730 1476 4798; x_wconf 87' lang='grc' dir='ltr'>Ῥωμαίων</span> <span class='ocrx_word' id='word_1_513' title='bbox 1536 4731 1898 4800; x_wconf 83' lang='grc' dir='ltr'>ἀρχιεπισκό-</span> 
     </span>
    </p>
   </div>
   <div class='ocr_carea' id='block_1_75' title="bbox 319 4822 1899 4895">
    <p class='ocr_par' dir='ltr' id='par_1_75' title="bbox 319 4822 1899 4895">
     <span class='ocr_line' id='line_1_75' title="bbox 319 4822 1899 4895; baseline -0.001 -18"><span class='ocrx_word' id='word_1_514' title='bbox 319 4842 409 4895; x_wconf 82' lang='grc' dir='ltr'><strong>πῳ</strong></span> <span class='ocrx_word' id='word_1_515' title='bbox 439 4827 633 4879; x_wconf 85' lang='grc' dir='ltr'>Δέοντι</span> <span class='ocrx_word' id='word_1_516' title='bbox 670 4824 1082 4885; x_wconf 73' lang='grc' dir='ltr'>ἑπιστέλλουσα,</span> <span class='ocrx_word' id='word_1_517' title='bbox 1148 4822 1240 4875; x_wconf 80' lang='grc' dir='ltr'><strong>τὸν</strong></span> <span class='ocrx_word' id='word_1_518' title='bbox 1297 4822 1465 4876; x_wconf 79' lang='grc' dir='ltr'>αὑτὸν</span> <span class='ocrx_word' id='word_1_519' title='bbox 1521 4824 1615 4874; x_wconf 76' lang='grc' dir='ltr'>καὶ</span> <span class='ocrx_word' id='word_1_520' title='bbox 1676 4822 1899 4893; x_wconf 80' lang='grc' dir='ltr'>Ῥώμης</span> 
     </span>
    </p>
   </div>
   <div class='ocr_carea' id='block_1_76' title="bbox 316 4914 1900 4985">
    <p class='ocr_par' dir='ltr' id='par_1_76' title="bbox 316 4914 1900 4985">
     <span class='ocr_line' id='line_1_76' title="bbox 316 4914 1900 4985; baseline -0.002 -13"><span class='ocrx_word' id='word_1_521' title='bbox 316 4916 456 4973; x_wconf 75' lang='grc' dir='ltr'>οἶδεν</span> <span class='ocrx_word' id='word_1_522' title='bbox 482 4919 806 4977; x_wconf 73' lang='grc' dir='ltr'>ἐπίσκοπον,</span> <span class='ocrx_word' id='word_1_523' title='bbox 844 4917 939 4969; x_wconf 82' lang='grc' dir='ltr'>καὶ</span> <span class='ocrx_word' id='word_1_524' title='bbox 986 4914 1383 4985; x_wconf 77' lang='grc' dir='ltr'>ἀμπελουργὸν</span> <span class='ocrx_word' id='word_1_525' title='bbox 1436 4915 1525 4967; x_wconf 71' lang='grc' dir='ltr'>διὰ</span> <span class='ocrx_word' id='word_1_526' title='bbox 1559 4915 1767 4985; x_wconf 80' lang='grc' dir='ltr'>Πέτρου</span> <span class='ocrx_word' id='word_1_527' title='bbox 1793 4934 1900 4969; x_wconf 82' lang='grc' dir='ltr'>πα-</span> 
     </span>
    </p>
   </div>
   <div class='ocr_carea' id='block_1_77' title="bbox 266 5008 1186 5083">
    <p class='ocr_par' dir='ltr' id='par_1_77' title="bbox 266 5008 1186 5083">
     <span class='ocr_line' id='line_1_77' title="bbox 266 5008 1186 5083; baseline -0.005 -18"><span class='ocrx_word' id='word_1_528' title='bbox 266 5018 269 5021; x_wconf 42' lang='grc' dir='ltr'><strong>λ</strong></span> <span class='ocrx_word' id='word_1_529' title='bbox 319 5014 389 5083; x_wconf 81' lang='grc' dir='ltr'><strong>ρά</strong></span> <span class='ocrx_word' id='word_1_530' title='bbox 414 5010 507 5064; x_wconf 85' lang='grc' dir='ltr'>τοῦ</span> <span class='ocrx_word' id='word_1_531' title='bbox 533 5008 787 5078; x_wconf 82' lang='grc' dir='ltr'>Σωτῆρος</span> <span class='ocrx_word' id='word_1_532' title='bbox 814 5009 1186 5061; x_wconf 84' lang='grc' dir='ltr'>καταστάντα.</span> 
     </span>
    </p>
   </div>
   <div class='ocr_carea' id='block_1_78' title="bbox 387 5097 1897 5172">
    <p class='ocr_par' dir='ltr' id='par_1_78' title="bbox 387 5097 1897 5172">
     <span class='ocr_line' id='line_1_78' title="bbox 387 5097 1897 5172; baseline -0.004 -14"><span class='ocrx_word' id='word_1_533' title='bbox 387 5107 459 5159; x_wconf 77' lang='grc' dir='ltr'><strong>Σὺ</strong></span> <span class='ocrx_word' id='word_1_534' title='bbox 490 5106 692 5171; x_wconf 82' lang='grc' dir='ltr'>λέγεις,</span> <span class='ocrx_word' id='word_1_535' title='bbox 720 5103 806 5157; x_wconf 81' lang='grc' dir='ltr'>ὅτι</span> <span class='ocrx_word' id='word_1_536' title='bbox 835 5101 1053 5172; x_wconf 73' lang='grc' dir='ltr'>πρῶτος</span> <span class='ocrx_word' id='word_1_537' title='bbox 1078 5101 1107 5153; x_wconf 90' lang='grc' dir='ltr'><strong>ό</strong></span> <span class='ocrx_word' id='word_1_538' title='bbox 1139 5101 1372 5163; x_wconf 87' lang='grc' dir='ltr'>πάππας</span> <span class='ocrx_word' id='word_1_539' title='bbox 1399 5100 1541 5153; x_wconf 87' lang='grc' dir='ltr'><strong>κατά</strong></span> <span class='ocrx_word' id='word_1_540' title='bbox 1571 5100 1664 5153; x_wconf 71' lang='grc' dir='ltr'>τὸν</span> <span class='ocrx_word' id='word_1_541' title='bbox 1687 5097 1897 5169; x_wconf 81' lang='grc' dir='ltr'>ψευδώ-</span> 
     </span>
    </p>
   </div>
   <div class='ocr_carea' id='block_1_79' title="bbox 314 5189 1893 5266">
    <p class='ocr_par' dir='ltr' id='par_1_79' title="bbox 314 5189 1893 5266">
     <span class='ocr_line' id='line_1_79' title="bbox 314 5189 1893 5266; baseline -0.004 -15"><span class='ocrx_word' id='word_1_542' title='bbox 314 5215 485 5266; x_wconf 85' lang='grc' dir='ltr'>νυμον</span> <span class='ocrx_word' id='word_1_543' title='bbox 519 5199 727 5252; x_wconf 79' lang='grc' dir='ltr'>ὲκεῐνον</span> <span class='ocrx_word' id='word_1_544' title='bbox 750 5196 979 5260; x_wconf 82' lang='grc' dir='ltr'>κανόνα,</span> <span class='ocrx_word' id='word_1_545' title='bbox 1003 5196 1095 5248; x_wconf 82' lang='grc' dir='ltr'>διὰ</span> <span class='ocrx_word' id='word_1_546' title='bbox 1125 5194 1185 5247; x_wconf 87' lang='grc' dir='ltr'><strong>τὸ</strong></span> <span class='ocrx_word' id='word_1_547' title='bbox 1217 5189 1358 5246; x_wconf 78' lang='grc' dir='ltr'>εἶναι</span> <span class='ocrx_word' id='word_1_548' title='bbox 1387 5194 1486 5259; x_wconf 88' lang='grc' dir='ltr'>τὴν</span> <span class='ocrx_word' id='word_1_549' title='bbox 1533 5192 1753 5264; x_wconf 85' lang='grc' dir='ltr'>Ῥώμην</span> <span class='ocrx_word' id='word_1_550' title='bbox 1780 5193 1893 5245; x_wconf 84' lang='grc' dir='ltr'>τῶν</span> 
     </span>
    </p>
   </div>
   <div class='ocr_carea' id='block_1_80' title="bbox 316 5286 1890 5357">
    <p class='ocr_par' dir='ltr' id='par_1_80' title="bbox 316 5286 1890 5357">
     <span class='ocr_line' id='line_1_80' title="bbox 316 5286 1890 5357; baseline -0.004 -13"><span class='ocrx_word' id='word_1_551' title='bbox 316 5292 527 5345; x_wconf 82' lang='grc' dir='ltr'>πόλεων</span> <span class='ocrx_word' id='word_1_552' title='bbox 557 5289 983 5357; x_wconf 80' lang='grc' dir='ltr'>βασιλεύουσαν.</span> <span class='ocrx_word' id='word_1_553' title='bbox 1025 5288 1091 5340; x_wconf 82' lang='grc' dir='ltr'><strong><em>Ἥ</em></strong></span> <span class='ocrx_word' id='word_1_554' title='bbox 1125 5287 1183 5340; x_wconf 78' lang='grc' dir='ltr'>δὲ</span> <span class='ocrx_word' id='word_1_555' title='bbox 1232 5287 1365 5353; x_wconf 83' lang='grc' dir='ltr'>ἀγία</span> <span class='ocrx_word' id='word_1_556' title='bbox 1401 5286 1622 5350; x_wconf 80' lang='grc' dir='ltr'>σύνοδος</span> <span class='ocrx_word' id='word_1_557' title='bbox 1676 5287 1762 5338; x_wconf 82' lang='grc' dir='ltr'><strong>διά</strong></span> <span class='ocrx_word' id='word_1_558' title='bbox 1790 5287 1890 5356; x_wconf 80' lang='grc' dir='ltr'>τὴν</span> 
     </span>
    </p>
   </div>
   <div class='ocr_carea' id='block_1_81' title="bbox 314 5379 1894 5455">
    <p class='ocr_par' dir='ltr' id='par_1_81' title="bbox 314 5379 1894 5455">
     <span class='ocr_line' id='line_1_81' title="bbox 314 5379 1894 5455; baseline -0.004 -17"><span class='ocrx_word' id='word_1_559' title='bbox 314 5384 618 5455; x_wconf 76' lang='grc' dir='ltr'>ἐπιτροπὴν</span> <span class='ocrx_word' id='word_1_560' title='bbox 644 5384 744 5453; x_wconf 83' lang='grc' dir='ltr'>τῆς</span> <span class='ocrx_word' id='word_1_561' title='bbox 772 5383 1023 5452; x_wconf 78' lang='grc' dir='ltr'>ἀμπέλου</span> <span class='ocrx_word' id='word_1_562' title='bbox 1055 5379 1459 5451; x_wconf 85' lang='grc' dir='ltr'>προσαγορεύει</span> <span class='ocrx_word' id='word_1_563' title='bbox 1483 5380 1542 5431; x_wconf 83' lang='grc' dir='ltr'>ὲν</span> <span class='ocrx_word' id='word_1_564' title='bbox 1581 5384 1646 5447; x_wconf 69' lang='grc' dir='ltr'>τῇ</span> <span class='ocrx_word' id='word_1_565' title='bbox 1672 5381 1894 5431; x_wconf 73' lang='grc' dir='ltr'>επιστο-</span> 
     </span>
    </p>
   </div>
   <div class='ocr_carea' id='block_1_82' title="bbox 312 5470 1903 5548">
    <p class='ocr_par' dir='ltr' id='par_1_82' title="bbox 312 5470 1903 5548">
     <span class='ocr_line' id='line_1_82' title="bbox 312 5470 1903 5548; baseline -0.003 -18"><span class='ocrx_word' id='word_1_566' title='bbox 312 5477 380 5548; x_wconf 77' lang='grc' dir='ltr'>λῇ</span> <span class='ocrx_word' id='word_1_567' title='bbox 412 5477 504 5531; x_wconf 82' lang='grc' dir='ltr'><strong>τὸν</strong></span> <span class='ocrx_word' id='word_1_568' title='bbox 531 5478 767 5530; x_wconf 84' lang='grc' dir='ltr'>πάππαν</span> <span class='ocrx_word' id='word_1_569' title='bbox 792 5477 886 5529; x_wconf 75' lang='lat' dir='ltr'><strong>xz‘t</strong></span> <span class='ocrx_word' id='word_1_570' title='bbox 918 5473 1165 5545; x_wconf 79' lang='grc' dir='ltr'>κορυφὴν</span> <span class='ocrx_word' id='word_1_571' title='bbox 1183 5474 1281 5527; x_wconf 75' lang='grc' dir='ltr'>καὶ</span> <span class='ocrx_word' id='word_1_572' title='bbox 1310 5470 1553 5542; x_wconf 74' lang='grc' dir='ltr'>κεφαλὴν</span> <span class='ocrx_word' id='word_1_573' title='bbox 1584 5472 1693 5524; x_wconf 86' lang='grc' dir='ltr'><strong>τῶν</strong></span> <span class='ocrx_word' id='word_1_574' title='bbox 1724 5471 1903 5540; x_wconf 77' lang='grc' dir='ltr'>μελῶν</span> 
     </span>
    </p>
   </div>
   <div class='ocr_carea' id='block_1_83' title="bbox 312 5555 1903 5641">
    <p class='ocr_par' dir='ltr' id='par_1_83' title="bbox 312 5555 1903 5641">
     <span class='ocr_line' id='line_1_83' title="bbox 312 5555 1903 5641; baseline -0.004 -20"><span class='ocrx_word' id='word_1_575' title='bbox 312 5570 775 5641; x_wconf 69' lang='grc' dir='ltr'>ἡγεμονεύουσαν.</span> <span class='ocrx_word' id='word_1_576' title='bbox 796 5555 970 5620; x_wconf 74' lang='grc' dir='ltr'>’Ὥστε</span> <span class='ocrx_word' id='word_1_577' title='bbox 999 5565 1095 5619; x_wconf 80' lang='grc' dir='ltr'>τοῦ</span> <span class='ocrx_word' id='word_1_578' title='bbox 1132 5564 1230 5635; x_wconf 74' lang='grc' dir='ltr'>μὲν</span> <span class='ocrx_word' id='word_1_579' title='bbox 1280 5566 1509 5628; x_wconf 83' lang='grc' dir='ltr'>κανόνος</span> <span class='ocrx_word' id='word_1_580' title='bbox 1543 5563 1750 5635; x_wconf 81' lang='grc' dir='ltr'>ἀκύρου</span> <span class='ocrx_word' id='word_1_581' title='bbox 1814 5562 1903 5616; x_wconf 81' lang='grc' dir='ltr'>δν-</span> 
     </span>
    </p>
   </div>
   <div class='ocr_carea' id='block_1_84' title="bbox 310 5655 1902 5730">
    <p class='ocr_par' dir='ltr' id='par_1_84' title="bbox 310 5655 1902 5730">
     <span class='ocr_line' id='line_1_84' title="bbox 310 5655 1902 5730; baseline -0.005 -16"><span class='ocrx_word' id='word_1_582' title='bbox 310 5678 423 5726; x_wconf 64' lang='grc' dir='ltr'>τος,</span> <span class='ocrx_word' id='word_1_583' title='bbox 453 5661 527 5725; x_wconf 88' lang='grc' dir='ltr'>ὼς</span> <span class='ocrx_word' id='word_1_584' title='bbox 557 5660 912 5730; x_wconf 75' lang='grc' dir='ltr'>ψευδολογῖας</span> <span class='ocrx_word' id='word_1_585' title='bbox 976 5661 1070 5711; x_wconf 80' lang='grc' dir='ltr'>καὶ</span> <span class='ocrx_word' id='word_1_586' title='bbox 1109 5658 1464 5727; x_wconf 80' lang='grc' dir='ltr'>καινοτομίας</span> <span class='ocrx_word' id='word_1_587' title='bbox 1531 5656 1755 5726; x_wconf 72' lang='grc' dir='ltr'>μεστοῦ,</span> <span class='ocrx_word' id='word_1_588' title='bbox 1806 5655 1902 5707; x_wconf 79' lang='grc' dir='ltr'>καὶ</span> 
     </span>
    </p>
   </div>
   <div class='ocr_carea' id='block_1_85' title="bbox 312 5750 1899 5829">
    <p class='ocr_par' dir='ltr' id='par_1_85' title="bbox 312 5750 1899 5829">
     <span class='ocr_line' id='line_1_85' title="bbox 312 5750 1899 5829; baseline -0.005 -18"><span class='ocrx_word' id='word_1_589' title='bbox 312 5756 453 5829; x_wconf 68' lang='grc' dir='ltr'>μηδὲ</span> <span class='ocrx_word' id='word_1_590' title='bbox 488 5756 624 5825; x_wconf 71' lang='grc' dir='ltr'>πρὸς</span> <span class='ocrx_word' id='word_1_591' title='bbox 645 5754 742 5820; x_wconf 85' lang='grc' dir='ltr'>τὰς</span> <span class='ocrx_word' id='word_1_592' title='bbox 774 5752 1025 5810; x_wconf 80' lang='grc' dir='ltr'>ὁπωσοῦν</span> <span class='ocrx_word' id='word_1_593' title='bbox 1055 5753 1271 5822; x_wconf 78' lang='grc' dir='ltr'>δεήσεις</span> <span class='ocrx_word' id='word_1_594' title='bbox 1329 5750 1426 5819; x_wconf 83' lang='grc' dir='ltr'>τῆς</span> <span class='ocrx_word' id='word_1_595' title='bbox 1481 5750 1701 5805; x_wconf 81' lang='grc' dir='ltr'>συνόδου</span> <span class='ocrx_word' id='word_1_596' title='bbox 1780 5752 1899 5805; x_wconf 70' lang='grc' dir='ltr'><strong>ἑπι-</strong></span> 
     </span>
    </p>
   </div>
   <div class='ocr_carea' id='block_1_86' title="bbox 2005 3063 3583 3146">
    <p class='ocr_par' dir='ltr' id='par_1_86' title="bbox 2005 3063 3583 3146">
     <span class='ocr_line' id='line_1_86' title="bbox 2005 3063 3583 3146; baseline 0.01 -30"><span class='ocrx_word' id='word_1_597' title='bbox 2005 3072 2201 3134; x_wconf 89' lang='lat' dir='ltr'><strong>quarta</strong></span> <span class='ocrx_word' id='word_1_598' title='bbox 2229 3063 2297 3117; x_wconf 90' lang='lat' dir='ltr'><strong>de</strong></span> <span class='ocrx_word' id='word_1_599' title='bbox 2329 3063 2397 3119; x_wconf 87' lang='lat' dir='ltr'><strong>iis</strong></span> <span class='ocrx_word' id='word_1_600' title='bbox 2423 3080 2545 3133; x_wconf 68' lang='lat' dir='ltr'><strong>qua:</strong></span> <span class='ocrx_word' id='word_1_601' title='bbox 2574 3067 2721 3120; x_wconf 88' lang='lat' dir='ltr'><strong>circa</strong></span> <span class='ocrx_word' id='word_1_602' title='bbox 2754 3066 2950 3137; x_wconf 89' lang='lat' dir='ltr'><strong>dogma</strong></span> <span class='ocrx_word' id='word_1_603' title='bbox 2982 3069 3109 3125; x_wconf 79' lang='lat' dir='ltr'><strong>ﬁdei</strong></span> <span class='ocrx_word' id='word_1_604' title='bbox 3153 3073 3399 3142; x_wconf 76' lang='lat' dir='ltr'><strong>legitime</strong></span> <span class='ocrx_word' id='word_1_605' title='bbox 3429 3086 3583 3146; x_wconf 71' lang='lat' dir='ltr'><strong>gesta</strong></span> 
     </span>
    </p>
   </div>
   <div class='ocr_carea' id='block_1_87' title="bbox 2004 3156 3659 3238">
    <p class='ocr_par' dir='ltr' id='par_1_87' title="bbox 2004 3156 3659 3238">
     <span class='ocr_line' id='line_1_87' title="bbox 2004 3156 3659 3238; baseline 0.009 -28"><span class='ocrx_word' id='word_1_606' title='bbox 2004 3167 2183 3220; x_wconf 88' lang='lat' dir='ltr'><strong>erant,</strong></span> <span class='ocrx_word' id='word_1_607' title='bbox 2214 3156 2499 3226; x_wconf 85' lang='lat' dir='ltr'><strong>subjungit</strong></span> <span class='ocrx_word' id='word_1_608' title='bbox 2523 3157 2589 3210; x_wconf 90' lang='lat' dir='ltr'><strong>de</strong></span> <span class='ocrx_word' id='word_1_609' title='bbox 2620 3158 2884 3213; x_wconf 87' lang='lat' dir='ltr'><strong>Dioscoro</strong></span> <span class='ocrx_word' id='word_1_610' title='bbox 2910 3175 2926 3213; x_wconf 90' lang='lat'><strong>:</strong></span> <span class='ocrx_word' id='word_1_611' title='bbox 2962 3181 2979 3211; x_wconf 73' lang='lat' dir='ltr'>c</span> <span class='ocrx_word' id='word_1_612' title='bbox 3011 3161 3077 3216; x_wconf 87' lang='lat' dir='ltr'><strong>Et</strong></span> <span class='ocrx_word' id='word_1_613' title='bbox 3101 3180 3199 3221; x_wconf 77' lang='lat' dir='ltr'><strong>eos</strong></span> <span class='ocrx_word' id='word_1_614' title='bbox 3229 3167 3453 3236; x_wconf 89' lang='lat' dir='ltr'><strong>quidem</strong></span> <span class='ocrx_word' id='word_1_615' title='bbox 3485 3173 3583 3238; x_wconf 85' lang='lat' dir='ltr'><strong>qui</strong></span> <span class='ocrx_word' id='word_1_616' title='bbox 3651 3228 3659 3235; x_wconf 57' lang='grc'><strong>,</strong></span> 
     </span>
    </p>
   </div>
   <div class='ocr_carea' id='block_1_88' title="bbox 2006 3250 3583 3325">
    <p class='ocr_par' dir='ltr' id='par_1_88' title="bbox 2006 3250 3583 3325">
     <span class='ocr_line' id='line_1_88' title="bbox 2006 3250 3583 3325; baseline 0.008 -21"><span class='ocrx_word' id='word_1_617' title='bbox 2006 3258 2287 3320; x_wconf 88' lang='lat' dir='ltr'><strong>pastorum</strong></span> <span class='ocrx_word' id='word_1_618' title='bbox 2336 3250 2559 3320; x_wconf 89' lang='lat' dir='ltr'><strong>propria</strong></span> <span class='ocrx_word' id='word_1_619' title='bbox 2616 3252 2926 3321; x_wconf 78' lang='lat' dir='ltr'><strong>sapiebant’,</strong></span> <span class='ocrx_word' id='word_1_620' title='bbox 2975 3257 3256 3325; x_wconf 73' lang='lat' dir='ltr'><strong>praecidit;</strong></span> <span class='ocrx_word' id='word_1_621' title='bbox 3305 3275 3403 3315; x_wconf 82' lang='lat' dir='ltr'><strong>eos</strong></span> <span class='ocrx_word' id='word_1_622' title='bbox 3451 3278 3583 3316; x_wconf 84' lang='lat' dir='ltr'><strong>vero</strong></span> 
     </span>
    </p>
   </div>
   <div class='ocr_carea' id='block_1_89' title="bbox 2005 3342 3582 3419">
    <p class='ocr_par' dir='ltr' id='par_1_89' title="bbox 2005 3342 3582 3419">
     <span class='ocr_line' id='line_1_89' title="bbox 2005 3342 3582 3419; baseline 0.009 -24"><span class='ocrx_word' id='word_1_623' title='bbox 2005 3342 2097 3411; x_wconf 90' lang='lat' dir='ltr'><strong>qui</strong></span> <span class='ocrx_word' id='word_1_624' title='bbox 2132 3358 2189 3397; x_wconf 81' lang='lat' dir='ltr'><strong>se</strong></span> <span class='ocrx_word' id='word_1_625' title='bbox 2231 3342 2391 3411; x_wconf 87' lang='lat' dir='ltr'><strong>lupos</strong></span> <span class='ocrx_word' id='word_1_626' title='bbox 2438 3344 2821 3410; x_wconf 81' lang='lat' dir='ltr'><strong>ostenderant,</strong></span> <span class='ocrx_word' id='word_1_627' title='bbox 2873 3348 3072 3402; x_wconf 79' lang='lat' dir='ltr'><strong>ovibus</strong></span> <span class='ocrx_word' id='word_1_628' title='bbox 3119 3351 3398 3419; x_wconf 70' lang='lat' dir='ltr'><strong>prtefecit;</strong></span> <span class='ocrx_word' id='word_1_629' title='bbox 3433 3364 3490 3407; x_wconf 87' lang='lat' dir='ltr'><strong>et</strong></span> <span class='ocrx_word' id='word_1_630' title='bbox 3512 3356 3582 3410; x_wconf 77' lang='lat' dir='ltr'><strong>ad</strong></span> 
     </span>
    </p>
   </div>
   <div class='ocr_carea' id='block_1_90' title="bbox 2004 3432 3583 3502">
    <p class='ocr_par' dir='ltr' id='par_1_90' title="bbox 2004 3432 3583 3502">
     <span class='ocr_line' id='line_1_90' title="bbox 2004 3432 3583 3502; baseline 0.006 -16"><span class='ocrx_word' id='word_1_631' title='bbox 2004 3432 2122 3488; x_wconf 57' lang='lat' dir='ltr'><strong>hate</strong></span> <span class='ocrx_word' id='word_1_632' title='bbox 2145 3433 2329 3487; x_wconf 86' lang='lat' dir='ltr'><strong>omnia</strong></span> <span class='ocrx_word' id='word_1_633' title='bbox 2357 3434 2519 3488; x_wconf 88' lang='lat' dir='ltr'><strong>etiam</strong></span> <span class='ocrx_word' id='word_1_634' title='bbox 2549 3435 2605 3487; x_wconf 91' lang='lat' dir='ltr'><strong>in</strong></span> <span class='ocrx_word' id='word_1_635' title='bbox 2634 3434 2836 3502; x_wconf 89' lang='lat' dir='ltr'><strong>ipsum,</strong></span> <span class='ocrx_word' id='word_1_636' title='bbox 2865 3436 2953 3491; x_wconf 90' lang='lat' dir='ltr'><strong>cui</strong></span> <span class='ocrx_word' id='word_1_637' title='bbox 2994 3440 3167 3494; x_wconf 77' lang='lat' dir='ltr'><strong>vinea:</strong></span> <span class='ocrx_word' id='word_1_638' title='bbox 3200 3443 3448 3496; x_wconf 79' lang='lat' dir='ltr'><strong>custodia</strong></span> <span class='ocrx_word' id='word_1_639' title='bbox 3488 3444 3583 3496; x_wconf 85' lang='lat' dir='ltr'><strong>dc-</strong></span> 
     </span>
    </p>
   </div>
   <div class='ocr_carea' id='block_1_91' title="bbox 2007 3530 3586 3598">
    <p class='ocr_par' dir='ltr' id='par_1_91' title="bbox 2007 3530 3586 3598">
     <span class='ocr_line' id='line_1_91' title="bbox 2007 3530 3586 3598; baseline 0.005 -14"><span class='ocrx_word' id='word_1_640' title='bbox 2007 3531 2262 3584; x_wconf 84' lang='lat' dir='ltr'><strong>mandata</strong></span> <span class='ocrx_word' id='word_1_641' title='bbox 2295 3539 2379 3584; x_wconf 88' lang='lat' dir='ltr'><strong>est</strong></span> <span class='ocrx_word' id='word_1_642' title='bbox 2406 3545 2435 3583; x_wconf 71' lang='grc' dir='ltr'><strong><em>ι</em></strong></span> <span class='ocrx_word' id='word_1_643' title='bbox 2468 3530 2777 3594; x_wconf 88' lang='lat' dir='ltr'><strong>Salvatore,</strong></span> <span class='ocrx_word' id='word_1_644' title='bbox 2805 3532 3049 3587; x_wconf 80' lang='lat' dir='ltr'><strong>furorem</strong></span> <span class='ocrx_word' id='word_1_645' title='bbox 3081 3537 3347 3598; x_wconf 77' lang='lat' dir='ltr'><strong>extendit,</strong></span> <span class='ocrx_word' id='word_1_646' title='bbox 3391 3538 3586 3592; x_wconf 77' lang='lat' dir='ltr'><strong>videli-</strong></span> 
     </span>
    </p>
   </div>
   <div class='ocr_carea' id='block_1_92' title="bbox 2004 3622 3584 3687">
    <p class='ocr_par' dir='ltr' id='par_1_92' title="bbox 2004 3622 3584 3687">
     <span class='ocr_line' id='line_1_92' title="bbox 2004 3622 3584 3687; baseline 0.005 -11"><span class='ocrx_word' id='word_1_647' title='bbox 2004 3633 2094 3677; x_wconf 85' lang='lat' dir='ltr'><strong>cet</strong></span> <span class='ocrx_word' id='word_1_648' title='bbox 2120 3634 2315 3677; x_wconf 87' lang='lat' dir='ltr'><strong>contra</strong></span> <span class='ocrx_word' id='word_1_649' title='bbox 2344 3622 2517 3675; x_wconf 85' lang='lat' dir='ltr'><strong>Tuam</strong></span> <span class='ocrx_word' id='word_1_650' title='bbox 2549 3623 2939 3687; x_wconf 87' lang='lat' dir='ltr'><strong>Sanctitatem,</strong></span> <span class='ocrx_word' id='word_1_651' title='bbox 2975 3636 3031 3679; x_wconf 92' lang='lat' dir='ltr'><strong>et</strong></span> <span class='ocrx_word' id='word_1_652' title='bbox 3060 3630 3584 3684; x_wconf 78' lang='lat' dir='ltr'><strong>excommunicatio-</strong></span> 
     </span>
    </p>
   </div>
   <div class='ocr_carea' id='block_1_93' title="bbox 2003 3715 3583 3792">
    <p class='ocr_par' dir='ltr' id='par_1_93' title="bbox 2003 3715 3583 3792">
     <span class='ocr_line' id='line_1_93' title="bbox 2003 3715 3583 3792; baseline 0.005 -21"><span class='ocrx_word' id='word_1_653' title='bbox 2003 3732 2129 3771; x_wconf 85' lang='lat' dir='ltr'><strong>nem</strong></span> <span class='ocrx_word' id='word_1_654' title='bbox 2189 3715 2314 3769; x_wconf 89' lang='lat' dir='ltr'><strong>tulit</strong></span> <span class='ocrx_word' id='word_1_655' title='bbox 2370 3716 2426 3769; x_wconf 90' lang='lat' dir='ltr'><strong>in</strong></span> <span class='ocrx_word' id='word_1_656' title='bbox 2460 3730 2589 3770; x_wconf 89' lang='lat' dir='ltr'><strong>eum</strong></span> <span class='ocrx_word' id='word_1_657' title='bbox 2636 3716 2733 3785; x_wconf 90' lang='lat' dir='ltr'><strong>qui</strong></span> <span class='ocrx_word' id='word_1_658' title='bbox 2779 3717 2998 3773; x_wconf 89' lang='lat' dir='ltr'><strong>studuit</strong></span> <span class='ocrx_word' id='word_1_659' title='bbox 3037 3720 3195 3775; x_wconf 87' lang='lat' dir='ltr'><strong>unire</strong></span> <span class='ocrx_word' id='word_1_660' title='bbox 3240 3736 3439 3792; x_wconf 85' lang='lat' dir='ltr'><strong>corpus</strong></span> <span class='ocrx_word' id='word_1_661' title='bbox 3487 3723 3583 3778; x_wconf 76' lang='lat' dir='ltr'><strong>Ec-</strong></span> 
     </span>
    </p>
   </div>
   <div class='ocr_carea' id='block_1_94' title="bbox 2003 3807 2259 3862">
    <p class='ocr_par' dir='ltr' id='par_1_94' title="bbox 2003 3807 2259 3862">
     <span class='ocr_line' id='line_1_94' title="bbox 2003 3807 2259 3862; baseline -0.02 0"><span class='ocrx_word' id='word_1_662' title='bbox 2003 3807 2201 3862; x_wconf 65' lang='lat' dir='ltr'><strong>clesiae.</strong></span> <span class='ocrx_word' id='word_1_663' title='bbox 2241 3825 2259 3857; x_wconf 83' lang='grc'>›</span> 
     </span>
    </p>
   </div>
   <div class='ocr_carea' id='block_1_95' title="bbox 2073 3986 3577 4058">
    <p class='ocr_par' dir='ltr' id='par_1_95' title="bbox 2073 3986 3577 4058">
     <span class='ocr_line' id='line_1_95' title="bbox 2073 3986 3577 4058; baseline 0.005 -16"><span class='ocrx_word' id='word_1_664' title='bbox 2073 3988 2153 4043; x_wconf 85' lang='lat' dir='ltr'><strong>Tu</strong></span> <span class='ocrx_word' id='word_1_665' title='bbox 2180 4001 2375 4058; x_wconf 87' lang='lat' dir='ltr'><strong>papam</strong></span> <span class='ocrx_word' id='word_1_666' title='bbox 2406 3986 2547 4042; x_wconf 85' lang='lat' dir='ltr'><strong>dicis</strong></span> <span class='ocrx_word' id='word_1_667' title='bbox 2578 4002 2686 4041; x_wconf 91' lang='lat' dir='ltr'><strong>non</strong></span> <span class='ocrx_word' id='word_1_668' title='bbox 2734 4002 2763 4041; x_wconf 87' lang='lat' dir='ltr'><strong>a</strong></span> <span class='ocrx_word' id='word_1_669' title='bbox 2814 3986 3000 4054; x_wconf 83' lang='lat' dir='ltr'><strong>Petro,</strong></span> <span class='ocrx_word' id='word_1_670' title='bbox 3035 3991 3131 4045; x_wconf 83' lang='lat' dir='ltr'><strong>sed</strong></span> <span class='ocrx_word' id='word_1_671' title='bbox 3167 4007 3198 4045; x_wconf 91' lang='lat' dir='ltr'><strong>a</strong></span> <span class='ocrx_word' id='word_1_672' title='bbox 3232 3994 3439 4049; x_wconf 85' lang='lat' dir='ltr'><strong>sanctis</strong></span> <span class='ocrx_word' id='word_1_673' title='bbox 3483 3993 3577 4050; x_wconf 77' lang='lat' dir='ltr'><strong>Pa-</strong></span> 
     </span>
    </p>
   </div>
   <div class='ocr_carea' id='block_1_96' title="bbox 2004 4077 3582 4156">
    <p class='ocr_par' dir='ltr' id='par_1_96' title="bbox 2004 4077 3582 4156">
     <span class='ocr_line' id='line_1_96' title="bbox 2004 4077 3582 4156; baseline 0.005 -24"><span class='ocrx_word' id='word_1_674' title='bbox 2004 4080 2184 4133; x_wconf 90' lang='lat' dir='ltr'><strong>tribus</strong></span> <span class='ocrx_word' id='word_1_675' title='bbox 2230 4089 2287 4132; x_wconf 91' lang='lat' dir='ltr'><strong>et</strong></span> <span class='ocrx_word' id='word_1_676' title='bbox 2326 4077 2435 4148; x_wconf 90' lang='lat' dir='ltr'><strong>piis</strong></span> <span class='ocrx_word' id='word_1_677' title='bbox 2482 4079 2910 4147; x_wconf 80' lang='lat' dir='ltr'><strong>imperatoribus</strong></span> <span class='ocrx_word' id='word_1_678' title='bbox 2958 4079 3219 4139; x_wconf 86' lang='lat' dir='ltr'><strong>habuisse</strong></span> <span class='ocrx_word' id='word_1_679' title='bbox 3250 4084 3582 4156; x_wconf 76' lang='lat' dir='ltr'><strong>primatum;</strong></span> 
     </span>
    </p>
   </div>
   <div class='ocr_carea' id='block_1_97' title="bbox 2000 4173 3583 4247">
    <p class='ocr_par' dir='ltr' id='par_1_97' title="bbox 2000 4173 3583 4247">
     <span class='ocr_line' id='line_1_97' title="bbox 2000 4173 3583 4247; baseline 0.004 -19"><span class='ocrx_word' id='word_1_680' title='bbox 2000 4184 2187 4228; x_wconf 84' lang='lat' dir='ltr'><strong>sancta</strong></span> <span class='ocrx_word' id='word_1_681' title='bbox 2221 4186 2355 4227; x_wconf 80' lang='lat' dir='ltr'><strong>vero</strong></span> <span class='ocrx_word' id='word_1_682' title='bbox 2385 4173 2629 4243; x_wconf 79' lang='lat' dir='ltr'><strong>synodus</strong></span> <span class='ocrx_word' id='word_1_683' title='bbox 2670 4174 3051 4229; x_wconf 87' lang='lat' dir='ltr'><strong>demandatam</strong></span> <span class='ocrx_word' id='word_1_684' title='bbox 3096 4176 3173 4230; x_wconf 85' lang='lat' dir='ltr'><strong>ait</strong></span> <span class='ocrx_word' id='word_1_685' title='bbox 3230 4192 3383 4247; x_wconf 70' lang='lat' dir='ltr'><strong>papas</strong></span> <span class='ocrx_word' id='word_1_686' title='bbox 3412 4179 3583 4235; x_wconf 68' lang='lat' dir='ltr'><strong>vinea</strong></span> 
     </span>
    </p>
   </div>
   <div class='ocr_carea' id='block_1_98' title="bbox 2001 4264 2713 4323">
    <p class='ocr_par' dir='ltr' id='par_1_98' title="bbox 2001 4264 2713 4323">
     <span class='ocr_line' id='line_1_98' title="bbox 2001 4264 2713 4323; baseline 0.004 -3"><span class='ocrx_word' id='word_1_687' title='bbox 2001 4264 2309 4320; x_wconf 84' lang='lat' dir='ltr'><strong>custodiam</strong></span> <span class='ocrx_word' id='word_1_688' title='bbox 2344 4282 2374 4319; x_wconf 90' lang='lat' dir='ltr'><strong>a</strong></span> <span class='ocrx_word' id='word_1_689' title='bbox 2408 4265 2713 4323; x_wconf 82' lang='lat' dir='ltr'><strong>Salvatore.</strong></span> 
     </span>
    </p>
   </div>
   <div class='ocr_carea' id='block_1_99' title="bbox 2074 4466 3580 4542">
    <p class='ocr_par' dir='ltr' id='par_1_99' title="bbox 2074 4466 3580 4542">
     <span class='ocr_line' id='line_1_99' title="bbox 2074 4466 3580 4542; baseline 0.007 -21"><span class='ocrx_word' id='word_1_690' title='bbox 2074 4466 2155 4521; x_wconf 84' lang='lat' dir='ltr'><strong>Tu</strong></span> <span class='ocrx_word' id='word_1_691' title='bbox 2208 4482 2401 4537; x_wconf 90' lang='lat' dir='ltr'><strong>papam</strong></span> <span class='ocrx_word' id='word_1_692' title='bbox 2451 4466 2590 4523; x_wconf 86' lang='lat' dir='ltr'><strong>dicis</strong></span> <span class='ocrx_word' id='word_1_693' title='bbox 2639 4484 2759 4524; x_wconf 87' lang='lat' dir='ltr'><strong>esse</strong></span> <span class='ocrx_word' id='word_1_694' title='bbox 2819 4470 3137 4542; x_wconf 88' lang='lat' dir='ltr'><strong>episcopum</strong></span> <span class='ocrx_word' id='word_1_695' title='bbox 3183 4472 3371 4527; x_wconf 70' lang='lat' dir='ltr'><strong>Romae</strong></span> <span class='ocrx_word' id='word_1_696' title='bbox 3413 4489 3441 4528; x_wconf 89' lang='lat' dir='ltr'><strong>a</strong></span> <span class='ocrx_word' id='word_1_697' title='bbox 3480 4474 3580 4531; x_wconf 79' lang='lat' dir='ltr'><strong>Pe-</strong></span> 
     </span>
    </p>
   </div>
   <div class='ocr_carea' id='block_1_100' title="bbox 2007 4559 3584 4630">
    <p class='ocr_par' dir='ltr' id='par_1_100' title="bbox 2007 4559 3584 4630">
     <span class='ocr_line' id='line_1_100' title="bbox 2007 4559 3584 4630; baseline 0.004 -17"><span class='ocrx_word' id='word_1_698' title='bbox 2007 4569 2112 4624; x_wconf 87' lang='lat' dir='ltr'><strong>tro,</strong></span> <span class='ocrx_word' id='word_1_699' title='bbox 2158 4559 2251 4613; x_wconf 89' lang='lat' dir='ltr'><strong>sed</strong></span> <span class='ocrx_word' id='word_1_700' title='bbox 2314 4559 2551 4628; x_wconf 90' lang='lat' dir='ltr'><strong>primum</strong></span> <span class='ocrx_word' id='word_1_701' title='bbox 2607 4561 2996 4630; x_wconf 84' lang='lat' dir='ltr'><strong>episcoporum</strong></span> <span class='ocrx_word' id='word_1_702' title='bbox 3034 4580 3063 4617; x_wconf 91' lang='lat' dir='ltr'><strong>a</strong></span> <span class='ocrx_word' id='word_1_703' title='bbox 3097 4563 3349 4619; x_wconf 83' lang='lat' dir='ltr'><strong>Patribus</strong></span> <span class='ocrx_word' id='word_1_704' title='bbox 3394 4575 3450 4620; x_wconf 84' lang='lat' dir='ltr'><strong>et</strong></span> <span class='ocrx_word' id='word_1_705' title='bbox 3478 4566 3584 4620; x_wconf 68' lang='lat' dir='ltr'><strong>im~</strong></span> 
     </span>
    </p>
   </div>
   <div class='ocr_carea' id='block_1_101' title="bbox 2004 4652 3581 4727">
    <p class='ocr_par' dir='ltr' id='par_1_101' title="bbox 2004 4652 3581 4727">
     <span class='ocr_line' id='line_1_101' title="bbox 2004 4652 3581 4727; baseline 0.006 -21"><span class='ocrx_word' id='word_1_706' title='bbox 2004 4652 2413 4721; x_wconf 89' lang='lat' dir='ltr'><strong>peratoribus:</strong></span> <span class='ocrx_word' id='word_1_707' title='bbox 2475 4662 2664 4706; x_wconf 85' lang='lat' dir='ltr'><strong>sancta</strong></span> <span class='ocrx_word' id='word_1_708' title='bbox 2727 4668 2859 4708; x_wconf 75' lang='lat' dir='ltr'><strong>vero</strong></span> <span class='ocrx_word' id='word_1_709' title='bbox 2921 4656 3166 4727; x_wconf 82' lang='lat' dir='ltr'><strong>synodus</strong></span> <span class='ocrx_word' id='word_1_710' title='bbox 3223 4658 3463 4712; x_wconf 88' lang='lat' dir='ltr'><strong>scribere</strong></span> <span class='ocrx_word' id='word_1_711' title='bbox 3519 4674 3581 4715; x_wconf 86' lang='lat' dir='ltr'><strong>sc</strong></span> 
     </span>
    </p>
   </div>
   <div class='ocr_carea' id='block_1_102' title="bbox 2004 4744 3570 4819">
    <p class='ocr_par' dir='ltr' id='par_1_102' title="bbox 2004 4744 3570 4819">
     <span class='ocr_line' id='line_1_102' title="bbox 2004 4744 3570 4819; baseline 0.004 -22"><span class='ocrx_word' id='word_1_712' title='bbox 2004 4745 2082 4798; x_wconf 90' lang='lat' dir='ltr'><strong>ait</strong></span> <span class='ocrx_word' id='word_1_713' title='bbox 2127 4745 2295 4799; x_wconf 87' lang='lat' dir='ltr'><strong>Leoni</strong></span> <span class='ocrx_word' id='word_1_714' title='bbox 2343 4745 2663 4799; x_wconf 86' lang='lat' dir='ltr'><strong>beatissimo</strong></span> <span class='ocrx_word' id='word_1_715' title='bbox 2700 4744 2887 4801; x_wconf 62' lang='lat' dir='ltr'><strong>Romae</strong></span> <span class='ocrx_word' id='word_1_716' title='bbox 2940 4748 3384 4819; x_wconf 88' lang='lat' dir='ltr'><strong>archiepiscopo,</strong></span> <span class='ocrx_word' id='word_1_717' title='bbox 3428 4766 3570 4804; x_wconf 77' lang='grc' dir='ltr'>ευιιι-</span> 
     </span>
    </p>
   </div>
   <div class='ocr_carea' id='block_1_103' title="bbox 2001 4835 3581 4911">
    <p class='ocr_par' dir='ltr' id='par_1_103' title="bbox 2001 4835 3581 4911">
     <span class='ocr_line' id='line_1_103' title="bbox 2001 4835 3581 4911; baseline 0.004 -21"><span class='ocrx_word' id='word_1_718' title='bbox 2001 4835 2240 4906; x_wconf 90' lang='lat' dir='ltr'><strong>demque</strong></span> <span class='ocrx_word' id='word_1_719' title='bbox 2299 4838 2456 4892; x_wconf 75' lang='lat' dir='ltr'><strong>novit</strong></span> <span class='ocrx_word' id='word_1_720' title='bbox 2494 4836 2680 4891; x_wconf 57' lang='lat' dir='ltr'><strong>Romae</strong></span> <span class='ocrx_word' id='word_1_721' title='bbox 2727 4840 3070 4909; x_wconf 86' lang='lat' dir='ltr'><strong>episcopum,</strong></span> <span class='ocrx_word' id='word_1_722' title='bbox 3112 4850 3169 4895; x_wconf 86' lang='lat' dir='ltr'><strong>et</strong></span> <span class='ocrx_word' id='word_1_723' title='bbox 3206 4857 3306 4911; x_wconf 90' lang='lat' dir='ltr'><strong>per</strong></span> <span class='ocrx_word' id='word_1_724' title='bbox 3356 4843 3581 4897; x_wconf 81' lang='lat' dir='ltr'><strong>Petrum</strong></span> 
     </span>
    </p>
   </div>
   <div class='ocr_carea' id='block_1_104' title="bbox 2001 4928 2905 4985">
    <p class='ocr_par' dir='ltr' id='par_1_104' title="bbox 2001 4928 2905 4985">
     <span class='ocr_line' id='line_1_104' title="bbox 2001 4928 2905 4985; baseline 0.004 -4"><span class='ocrx_word' id='word_1_725' title='bbox 2001 4928 2180 4983; x_wconf 70' lang='lat' dir='ltr'><strong>vineae</strong></span> <span class='ocrx_word' id='word_1_726' title='bbox 2214 4929 2501 4984; x_wconf 87' lang='lat' dir='ltr'><strong>custodem</strong></span> <span class='ocrx_word' id='word_1_727' title='bbox 2528 4946 2557 4982; x_wconf 93' lang='lat' dir='ltr'><strong>a</strong></span> <span class='ocrx_word' id='word_1_728' title='bbox 2598 4929 2905 4985; x_wconf 86' lang='lat' dir='ltr'><strong>Salvatorc.</strong></span> 
     </span>
    </p>
   </div>
   <div class='ocr_carea' id='block_1_105' title="bbox 2069 5094 3663 5183">
    <p class='ocr_par' dir='ltr' id='par_1_105' title="bbox 2069 5094 3663 5183">
     <span class='ocr_line' id='line_1_105' title="bbox 2069 5094 3663 5183; baseline 0.006 -22"><span class='ocrx_word' id='word_1_729' title='bbox 2069 5106 2148 5161; x_wconf 88' lang='lat' dir='ltr'><strong>Tu</strong></span> <span class='ocrx_word' id='word_1_730' title='bbox 2194 5094 2351 5173; x_wconf 77' lang='lat' dir='ltr'><strong>juxta</strong></span> <span class='ocrx_word' id='word_1_731' title='bbox 2403 5107 2849 5177; x_wconf 83' lang='lat' dir='ltr'><strong>pseudocanonis</strong></span> <span class='ocrx_word' id='word_1_732' title='bbox 2903 5124 3122 5164; x_wconf 81' lang='lat' dir='ltr'><strong>sensum</strong></span> <span class='ocrx_word' id='word_1_733' title='bbox 3160 5113 3375 5168; x_wconf 73' lang='lat' dir='ltr'><strong>asseris</strong></span> <span class='ocrx_word' id='word_1_734' title='bbox 3428 5128 3583 5183; x_wconf 62' lang='lat' dir='ltr'><strong>papa</strong></span> <span class='ocrx_word' id='word_1_735' title='bbox 3660 5100 3663 5103; x_wconf 52' lang='grc'><em>’</em></span> 
     </span>
    </p>
   </div>
   <div class='ocr_carea' id='block_1_106' title="bbox 1999 5198 3578 5274">
    <p class='ocr_par' dir='ltr' id='par_1_106' title="bbox 1999 5198 3578 5274">
     <span class='ocr_line' id='line_1_106' title="bbox 1999 5198 3578 5274; baseline 0.004 -23"><span class='ocrx_word' id='word_1_736' title='bbox 1999 5198 2294 5270; x_wconf 90' lang='lat' dir='ltr'><strong>primatum</strong></span> <span class='ocrx_word' id='word_1_737' title='bbox 2341 5212 2406 5252; x_wconf 77' lang='lat' dir='ltr'><strong>ex</strong></span> <span class='ocrx_word' id='word_1_738' title='bbox 2455 5214 2522 5253; x_wconf 91' lang='lat' dir='ltr'><strong>eo</strong></span> <span class='ocrx_word' id='word_1_739' title='bbox 2568 5214 2689 5253; x_wconf 87' lang='lat' dir='ltr'><strong>esse</strong></span> <span class='ocrx_word' id='word_1_740' title='bbox 2734 5200 2879 5269; x_wconf 88' lang='lat' dir='ltr'><strong>quod</strong></span> <span class='ocrx_word' id='word_1_741' title='bbox 2917 5199 3090 5254; x_wconf 81' lang='lat' dir='ltr'><strong>Roma</strong></span> <span class='ocrx_word' id='word_1_742' title='bbox 3144 5205 3217 5257; x_wconf 88' lang='lat' dir='ltr'><strong>sit</strong></span> <span class='ocrx_word' id='word_1_743' title='bbox 3259 5205 3445 5274; x_wconf 86' lang='lat' dir='ltr'><strong>regina</strong></span> <span class='ocrx_word' id='word_1_744' title='bbox 3483 5219 3578 5257; x_wconf 87' lang='lat' dir='ltr'><strong>ur-</strong></span> 
     </span>
    </p>
   </div>
   <div class='ocr_carea' id='block_1_107' title="bbox 2001 5293 3579 5366">
    <p class='ocr_par' dir='ltr' id='par_1_107' title="bbox 2001 5293 3579 5366">
     <span class='ocr_line' id='line_1_107' title="bbox 2001 5293 3579 5366; baseline 0.003 -18"><span class='ocrx_word' id='word_1_745' title='bbox 2001 5295 2176 5349; x_wconf 91' lang='lat' dir='ltr'><strong>bium.</strong></span> <span class='ocrx_word' id='word_1_746' title='bbox 2212 5296 2282 5347; x_wconf 77' lang='lat' dir='ltr'><strong>At</strong></span> <span class='ocrx_word' id='word_1_747' title='bbox 2316 5302 2504 5347; x_wconf 88' lang='lat' dir='ltr'><strong>sancta</strong></span> <span class='ocrx_word' id='word_1_748' title='bbox 2539 5293 2779 5362; x_wconf 73' lang='lat' dir='ltr'><strong>synodus</strong></span> <span class='ocrx_word' id='word_1_749' title='bbox 2827 5294 2881 5347; x_wconf 92' lang='lat' dir='ltr'><strong>in</strong></span> <span class='ocrx_word' id='word_1_750' title='bbox 2928 5293 3161 5363; x_wconf 81' lang='lat' dir='ltr'><strong>cpistola</strong></span> <span class='ocrx_word' id='word_1_751' title='bbox 3194 5304 3353 5349; x_wconf 81' lang='lat' dir='ltr'><strong>vocat</strong></span> <span class='ocrx_word' id='word_1_752' title='bbox 3380 5311 3579 5366; x_wconf 83' lang='lat' dir='ltr'><strong>papam</strong></span> 
     </span>
    </p>
   </div>
   <div class='ocr_carea' id='block_1_108' title="bbox 1999 5384 3583 5457">
    <p class='ocr_par' dir='ltr' id='par_1_108' title="bbox 1999 5384 3583 5457">
     <span class='ocr_line' id='line_1_108' title="bbox 1999 5384 3583 5457; baseline 0.004 -20"><span class='ocrx_word' id='word_1_753' title='bbox 1999 5384 2271 5439; x_wconf 79' lang='lat' dir='ltr'><strong>verticem</strong></span> <span class='ocrx_word' id='word_1_754' title='bbox 2326 5393 2383 5438; x_wconf 89' lang='lat' dir='ltr'><strong>ct</strong></span> <span class='ocrx_word' id='word_1_755' title='bbox 2435 5394 2601 5453; x_wconf 88' lang='lat' dir='ltr'><strong>caput</strong></span> <span class='ocrx_word' id='word_1_756' title='bbox 2660 5385 3037 5440; x_wconf 85' lang='lat' dir='ltr'><strong>membrorum</strong></span> <span class='ocrx_word' id='word_1_757' title='bbox 3098 5386 3293 5440; x_wconf 80' lang='lat' dir='ltr'><strong>ducem</strong></span> <span class='ocrx_word' id='word_1_758' title='bbox 3353 5398 3583 5457; x_wconf 69' lang='lat' dir='ltr'><strong>proyter</strong></span> 
     </span>
    </p>
   </div>
   <div class='ocr_carea' id='block_1_109' title="bbox 2001 5476 3581 5547">
    <p class='ocr_par' dir='ltr' id='par_1_109' title="bbox 2001 5476 3581 5547">
     <span class='ocr_line' id='line_1_109' title="bbox 2001 5476 3581 5547; baseline 0.001 -16"><span class='ocrx_word' id='word_1_759' title='bbox 2001 5476 2310 5531; x_wconf 87' lang='lat' dir='ltr'><strong>custodiam</strong></span> <span class='ocrx_word' id='word_1_760' title='bbox 2336 5476 2534 5531; x_wconf 58' lang='lat' dir='ltr'><strong>vineas.</strong></span> <span class='ocrx_word' id='word_1_761' title='bbox 2561 5477 2749 5547; x_wconf 84' lang='lat' dir='ltr'><strong>Itaque</strong></span> <span class='ocrx_word' id='word_1_762' title='bbox 2777 5494 2901 5533; x_wconf 88' lang='lat' dir='ltr'><strong>cum</strong></span> <span class='ocrx_word' id='word_1_763' title='bbox 2933 5493 3109 5535; x_wconf 87' lang='lat' dir='ltr'><strong>canon</strong></span> <span class='ocrx_word' id='word_1_764' title='bbox 3143 5480 3337 5536; x_wconf 85' lang='lat' dir='ltr'><strong>irritus</strong></span> <span class='ocrx_word' id='word_1_765' title='bbox 3366 5481 3457 5545; x_wconf 86' lang='lat' dir='ltr'><strong>sit,</strong></span> <span class='ocrx_word' id='word_1_766' title='bbox 3488 5492 3581 5534; x_wconf 90' lang='lat' dir='ltr'><strong>nt-</strong></span> 
     </span>
    </p>
   </div>
   <div class='ocr_carea' id='block_1_110' title="bbox 2001 5566 3577 5641">
    <p class='ocr_par' dir='ltr' id='par_1_110' title="bbox 2001 5566 3577 5641">
     <span class='ocr_line' id='line_1_110' title="bbox 2001 5566 3577 5641; baseline 0.004 -20"><span class='ocrx_word' id='word_1_767' title='bbox 2001 5576 2128 5636; x_wconf 84' lang='lat' dir='ltr'><strong>pote</strong></span> <span class='ocrx_word' id='word_1_768' title='bbox 2175 5566 2433 5622; x_wconf 81' lang='lat' dir='ltr'><strong>falsitatis</strong></span> <span class='ocrx_word' id='word_1_769' title='bbox 2458 5576 2513 5623; x_wconf 86' lang='lat' dir='ltr'><strong>et</strong></span> <span class='ocrx_word' id='word_1_770' title='bbox 2545 5571 2809 5627; x_wconf 79' lang='lat' dir='ltr'><strong>novitatis</strong></span> <span class='ocrx_word' id='word_1_771' title='bbox 2867 5571 3083 5641; x_wconf 86' lang='lat' dir='ltr'><strong>plenus,</strong></span> <span class='ocrx_word' id='word_1_772' title='bbox 3110 5588 3212 5629; x_wconf 90' lang='lat' dir='ltr'><strong>nec</strong></span> <span class='ocrx_word' id='word_1_773' title='bbox 3252 5573 3420 5628; x_wconf 89' lang='lat' dir='ltr'><strong>etiam</strong></span> <span class='ocrx_word' id='word_1_774' title='bbox 3473 5571 3577 5627; x_wconf 82' lang='lat' dir='ltr'><strong>ad-</strong></span> 
     </span>
    </p>
   </div>
   <div class='ocr_carea' id='block_1_111' title="bbox 2000 5660 3581 5739">
    <p class='ocr_par' dir='ltr' id='par_1_111' title="bbox 2000 5660 3581 5739">
     <span class='ocr_line' id='line_1_111' title="bbox 2000 5660 3581 5739; baseline 0.004 -25"><span class='ocrx_word' id='word_1_775' title='bbox 2000 5660 2309 5715; x_wconf 87' lang='lat' dir='ltr'><strong>nitentibus</strong></span> <span class='ocrx_word' id='word_1_776' title='bbox 2339 5671 2617 5732; x_wconf 90' lang='lat' dir='ltr'><strong>utcunque</strong></span> <span class='ocrx_word' id='word_1_777' title='bbox 2648 5666 2842 5735; x_wconf 86' lang='lat' dir='ltr'><strong>synodi</strong></span> <span class='ocrx_word' id='word_1_778' title='bbox 2876 5667 3135 5724; x_wconf 87' lang='lat' dir='ltr'><strong>Patribus</strong></span> <span class='ocrx_word' id='word_1_779' title='bbox 3160 5683 3190 5722; x_wconf 90' lang='lat' dir='ltr'><strong>a</strong></span> <span class='ocrx_word' id='word_1_780' title='bbox 3219 5683 3358 5739; x_wconf 85' lang='lat' dir='ltr'><strong>papa</strong></span> <span class='ocrx_word' id='word_1_781' title='bbox 3381 5681 3581 5739; x_wconf 84' lang='lat' dir='ltr'><strong>appro-</strong></span> 
     </span>
    </p>
   </div>
   <div class='ocr_carea' id='block_1_112' title="bbox 2002 5750 3578 5843">
    <p class='ocr_par' dir='ltr' id='par_1_112' title="bbox 2002 5750 3578 5843">
     <span class='ocr_line' id='line_1_112' title="bbox 2002 5750 3578 5843; baseline 0.004 -38"><span class='ocrx_word' id='word_1_782' title='bbox 2002 5750 2202 5818; x_wconf 84' lang='lat' dir='ltr'><strong>batus;</strong></span> <span class='ocrx_word' id='word_1_783' title='bbox 2254 5751 2363 5805; x_wconf 92' lang='lat' dir='ltr'><strong>imo</strong></span> <span class='ocrx_word' id='word_1_784' title='bbox 2408 5768 2542 5809; x_wconf 82' lang='lat' dir='ltr'><strong>vero</strong></span> <span class='ocrx_word' id='word_1_785' title='bbox 2591 5755 2829 5843; x_wconf 66' lang='lat' dir='ltr'><strong>reiectus</strong></span> <span class='ocrx_word' id='word_1_786' title='bbox 2875 5770 3051 5817; x_wconf 84' lang='lat' dir='ltr'><strong>atuue.</strong></span> <span class='ocrx_word' id='word_1_787' title='bbox 3085 5759 3409 5815; x_wconf 76' lang='lat' dir='ltr'><strong>damnatus&#39;</strong></span> <span class='ocrx_word' id='word_1_788' title='bbox 3466 5756 3578 5814; x_wconf 82' lang='lat' dir='ltr'><strong>eoi-</strong></span> 
     </span>
    </p>
   </div>
  </div>
