4048 6478
497 263 604 330 ’143

1656 264 2023 324 ΜΑΤΤΠίΕι
2073 266 2094 323 (

2196 264 2425 325 ἰΥΟΡΗ
2438 262 2609 326 YLLI
3639 266 3729 327 ’1ί4

494 373 858 441 Justinianus,
887 374 981 444 qui
1016 374 1070 430 in
1119 373 1207 429 illa
1242 373 1465 428 Novella
1496 376 1728 444 suscipit
1760 385 2072 430 sanctarum

2196 379 2474 448 πρόσφατα
2523 377 2647 447 καὶ,
2672 374 3013 446 ἀνθρώπινα,
3046 376 3195 429 διατι
3227 374 3293 428 σὺ
3340 375 3432 429 τὸν
3474 378 3593 448 ὅρον
3633 381 3731 436 τῶν

496 476 736 538 quatuor
789 468 1129 538 synodorum
1170 467 1391 522 decreta
1426 478 1484 522 ut
1530 478 1776 523 sanctam
1821 470 2077 538 Scriptu-

497 574 646 625 ram.
662 560 831 628 Atqui
863 568 919 615 et
943 560 1183 631 Cyrillus
1209 561 1264 614 in
1293 561 1453 615 tertia
1487 561 1723 631 synodo.
1768 572 1829 616 ut
1853 563 2079 634 planum

500 651 614 713 fiet,
644 660 703 707 et
730 661 938 721 quarm.-
977 654 1169 724 synodi
1221 653 1415 708 Patres
1460 655 1706 710 fatentur
1732 670 1924 724 papam
1958 671 2081 711 esse

500 741 758 799 Ecclesia
783 744 1051 813 judieem,
1083 756 1138 799 et
1182 745 1470 801 custodem
1519 746 1693 800 vinea:
1722 761 1753 800 a
1796 748 2080 800 Salvatore

499 833 881 887 constitutum.
938 835 1080 907 Ergo
1126 835 1408 893 decretum
1450 852 1648 890 eorum
1677 836 1746 891 de
1779 853 1917 906 papa
1970 853 2079 892 nou

499 923 667 986 habet
724 926 833 984 vim
880 946 1040 986 nova:
1071 928 1508 992 constitutionis,
1554 927 1647 982 sed
1693 928 1965 997 dogmatis
2012 929 2080 982 ad

502 1022 662 1079 iidem
714 1025 1019 1094 spectantis
1062 1021 1487 1090 explicationem
1518 1030 1574 1074 et
1606 1021 2080 1077 όίιιιοὶιιοιὶοιιειιι.

502 1116 814 1171 Secundum
846 1118 990 1185 quod
1024 1130 1251 1184 peccas,
1278 1123 1383 1177 est,
1438 1112 1585 1182 quod
1634 1114 1696 1165 ad
1739 1111 2082 1181 probandum

502 1208 796 1277 primatum
822 1223 972 1277 papae
1014 1222 1121 1261 non
1168 1221 1289 1260 esse
1319 1206 1387 1259 ab
1442 1205 1602 1259 initio
1647 1205 1864 1257 statutis
1906 1204 2081 1272 impe-

504 1300 727 1355 ratoriis
757 1300 1048 1356 firmatum,
1099 1297 1395 1367 confugisti
1426 1298 1491 1351 ad
1519 1296 1912 1358 Justinianum,
1954 1310 2085 1349 con-

504 1393 740 1446 tentiosa
769 1406 901 1446 sane
926 1390 1285 1459 malignitate.
1316 1388 1479 1443 Certe
1508 1388 1655 1442 enim
1681 1398 1805 1440 tuus
1828 1385 2080 1454 Photius,

502 1484 762 1553 princeps
805 1493 860 1536 et
904 1482 1302 1552 antesignanus
1353 1480 1685 1543 schismatis,
1715 1479 1783 1532 ad
1836 1479 2085 1533 Aurelia-

2182 471 2444 540 Πατέρων
2480 468 2609 539 περὶ
2660 468 2757 521 τοῦ
2787 467 3062 540 πρωτείου
3094 466 3188 519 τοῦ
3221 464 3422 521 πάππα
3468 469 3732 535 καθέλκεις

2179 564 2273 615 ἐπὶ
2323 560 2385 614 τὸ
2437 560 2835 629 ἀσθενέστερον
2881 557 2989 614 τῶν
3023 559 3470 628 σημαινομένων,
3503 560 3594 614 καὶ
3621 561 3737 631 ψιλῇ

2177 660 2245 722 τῇ
2290 654 2442 723 φωνῇ
2503 651 2790 722 χρώμενος
2853 652 2918 703 ὲκ
2971 649 3081 702 τῶν
3120 648 3215 702 δύο
3270 650 3627 721 συναρπάζεις
3668 656 3738 716 εἰς

2182 747 2411 813 θάτερον
2452 746 2552 813 τὴν
2580 746 2860 807 διάνοιαν;
2898 742 3056 796 Κατὰ
3083 745 3210 803 τοὺς
3251 743 3411 811 ὄρους
3440 742 3547 795 τῶν
3577 744 3737 797 Πατέ-

2185 857 2297 908 ρων
2326 837 2546 907 πρῶτος
2580 840 2608 890 ὁ
2641 836 2896 898 πάππας,
2923 835 3093 903 φησιν
3123 834 3529 898 Ἰουστινιανὺς,
3561 837 3588 887 ό
3616 838 3742 890 κατὰ

2180 930 2281 1000 τὴν
2312 930 2533 998 Νεαρὰν
2564 929 2784 995 ἐκείνην
2816 928 2884 980 τὰ
2918 926 3174 995 δόγματα
3225 929 3334 978 τῶν
3368 926 3538 992 ἁγίων
3567 929 3747 980 τεσσά-

2186 1041 2296 1093 ρων
2335 1022 2569 1075 συνόδων
2606 1021 2681 1082 ώς
2716 1020 2868 1073 θείαν
2901 1020 3123 1089 γραφὴν
3152 1019 3548 1088 ἀποδεχόμενος
3570 1036 3585 1050 ·
3621 1020 3748 1072 ἀλλὰ

2189 1116 2298 1185 μὴν
2331 1117 2427 1168 καὶ
2457 1094 2733 1182 Κύρῖλλος
2778 1114 2836 1165 ὲν
2863 1116 2930 1182 τῇ
2963 1113 3123 1183 τρίτῃ
3164 1112 3240 1171 ὡς
3274 1113 3555 1180 εἰρήσεται
3582 1129 3746 1165 κατω-

2184 1209 2349 1276 τέρω,
2386 1210 2479 1260 καὶ
2524 1208 2572 1259 οἱ
2630 1206 2871 1274 Πατέρες
2927 1207 3027 1273 τῆς
3084 1207 3351 1275 τετάρτης
3400 1206 3618 1258 συνόδου
3668 1207 3751 1257 τόν

2190 1299 2427 1351 πάππαν
2462 1297 2789 1365 ὁμολογοῦσι
2820 1297 3015 1369 κριτὴν
3041 1297 3138 1365 τῆς
3169 1295 3524 1366 Ἐκκλησίας,
3549 1300 3638 1350 καὶ
3662 1298 3753 1366 φύ-

2187 1390 2329 1463 λακα
2365 1390 2462 1460 τῆς
2514 1390 2761 1460 ἀμπέλου
2812 1392 2967 1459 παρὰ
3018 1389 3112 1442 τοῦ
3166 1391 3444 1460 Σωτῆρος.
3495 1391 3555 1443 Ὀ
3588 1394 3752 1443 τοίνυν

2187 1482 2312 1552 ὅρος
2344 1481 2530 1534 αὐτῶν
2567 1482 2697 1552 περὶ
2736 1481 2833 1534 τοῦ
2881 1482 3089 1535 πάππα
3134 1483 3236 1534 οὐκ
3285 1482 3399 1551 ἔχει
3453 1485 3751 1551 προσφάτου

504 1592 634 1629 num
673 1574 777 1628 hoc
810 1574 1123 1635 referebat;
1178 1588 1279 1627 nec
1312 1572 1447 1626 adeo
1483 1570 1741 1625 sordidus
1789 1582 1906 1624 erat
1934 1586 2094 1640 papae

2196 1574 2514 1641 νομοθεσίας
2574 1573 2850 1642 δύναμιν,
2912 1573 3051 1626 ἀλλὰ
3109 1573 3382 1640 δόγματος
3442 1575 3521 1636 εἰς
3585 1576 3754 1627 πίστιν

505 1666 827 1741 aestimator.
887 1666 991 1719 Alii
1026 1680 1157 1719 vero
1207 1682 1272 1719 ex
1331 1665 1396 1717 iis
1435 1663 1531 1732 qui
1586 1675 1768 1717 tecum
1831 1664 2084 1717 sentiunt

2196 1668 2489 1734 ἀνήκοντος
2570 1665 2873 1730 ἀνάπτυξιν
2963 1667 3058 1719 καὶ
3131 1666 3459 1733 σαφήνειαν.
3515 1666 3756 1741 Δεύτερον

509 1761 760 1814 tribuunt
789 1760 892 1812 hoc
922 1758 1288 1813 Constantino
1344 1757 1573 1825 Magno;
1635 1756 1924 1810 veritatem
1964 1757 2086 1825 qui-

2196 1758 2555 1826 άμαρτάνεις,
2600 1760 2684 1810 ὅτι
2735 1759 2795 1810 τὸ
2852 1758 3122 1827 πρωτεῖον
3178 1757 3271 1810 τοῦ
3309 1758 3516 1810 πάππα
3554 1759 3624 1828 μὴ
3670 1758 3752 1810 ἀπ’

504 1851 630 1907 dem
671 1853 1005 1905 otluscantes
1050 1866 1279 1915 omnes,
1320 1850 1417 1903 sed
1450 1849 1687 1902 maxime
1716 1849 1963 1901 omnium
2004 1859 2082 1911 tu.

2196 1850 2362 1920 Ξιρχῆς
2396 1850 2456 1902 ὃν
2494 1849 2664 1913 δεῖξαι
2703 1849 3030 1919 βουλόμενος
3085 1849 3430 1917 θεσπίσμασι
3477 1849 3758 1921 βασιλικοῖς

505 1947 598 2015 qui
642 1960 767 1999 cum
826 1943 1091 2014 synodica
1138 1943 1396 2011 legisses,
1452 1941 1842 2011 proculdubio
1900 1939 2087 1994 vidisti

2196 1941 2455 2012 ιυρωθὲν,
2491 1943 2803 2010 κατέφυγες
2851 1943 2946 1995 ἐπὶ
3012 1942 3425 2004 Ἰουστινιανὸν,
3487 1944 3757 2014 κακοήθως

504 2038 671 2107 etiam
728 2039 1125 2105 imperatorum
1181 2034 1651 2103 epistolastertize
1683 2034 1894 2104 synodo
1952 2048 2088 2102 pra:-

508 2128 664 2189 llxas.
698 2128 751 2182 in
779 2129 982 2196 quibus
1017 2126 1217 2179 mirum
1255 2127 1309 2179 in
1354 2126 1578 2178 modum
1607 2120 1789 2179 elucet
1848 2124 2087 2194 impera-

507 2216 687 2273 torum
721 2216 1033 2272 reverentia
1055 2233 1183 2287 erga
1214 2216 1416 2293 \sedem
1468 2217 1615 2270 Petri
1653 2235 1667 2270 :
1698 2228 1755 2269 ut
1783 2217 1938 2269 futile
1967 2232 2088 2269 om-

509 2311 645 2364 nino
722 2310 791 2364 sit
848 2310 996 2380 quod
1053 2310 1178 2373 ais,
1232 2310 1473 2381 primum
1528 2326 1599 2365 ex
1659 2310 2090 2377 imperatoribus

385 2404 398 2419 '
507 2400 882 2465 Justinianum
940 2404 1189 2457 sanxisse
1241 2402 1539 2472 primatum
1609 2418 1781 2472 papae.
1843 2403 2092 2458 Dicimus

510 2509 671 2564 ergo,
727 2502 948 2549 sanctos
981 2493 1174 2548 Patres
1206 2510 1303 2563 per
1344 2510 1444 2549 sua
1471 2494 1690 2551 decreta
1741 2510 2089 2566 nequaquam

510 2584 757 2651 dedisse,
785 2583 882 2639 sed
928 2594 1185 2639 testatum
1226 2584 1535 2640 reddidisse
1571 2586 2088 2658 primatum‘papss;

2190 2036 2334 2105 μάλα
2371 2034 2843 2110 καχφιλονείκως.
2881 2036 3075 2088 Καίτοι
3109 2052 3172 2102 γε
3207 2038 3235 2088 ό
3267 2036 3361 2096 σὸς
3384 2036 3603 2101 Φώτιος,
3626 2038 3650 2088 ό
3674 2033 3757 2087 τοῦ

2190 2126 2493 2195 σχίσματος
2568 2126 3001 2201 πρωτοστάτης,
3059 2127 3151 2177 ἐπὶ
3224 2125 3563 2196 Δύρηλιανὸν
3617 2126 3758 2180 τοῦτο

2190 2220 2454 2287 ἀνέφερε,
2488 2221 2584 2271 καὶ
2639 2220 2894 2271 τοσοῦτον
2947 2219 3204 2288 γλίσχρος
3242 2220 3347 2273 οὐκ
3395 2215 3465 2290 ἦν
3513 2223 3645 2290 πρὸς
3679 2224 3756 2273 τὸν

2203 2311 2460 2364 πάππαν.
2502 2309 2730 2379 ’Έτερος
2762 2311 2820 2362 δὲ
2853 2312 2960 2362 τῶν
3009 2313 3093 2363 σοι
3143 2313 3469 2382 ὀμοφρόνων
3499 2316 3758 2366 Κώνσταν-

2195 2403 2332 2472 τίνῳ
2363 2403 2440 2473 τῷ
2471 2403 2714 2472 Μεγάλῳ
2745 2402 2905 2456 τοῦτο
2936 2403 3278 2469 ἀποδιδόασι,
3312 2406 3518 2469 πάντες
3553 2408 3646 2476 μὲν
3672 2407 3757 2477 τὴν

2191 2496 2467 2564 ἀλήθειαν
2514 2496 2982 2559 ὑποσκιάζοντες·
3030 2497 3253 2551 πάντων
3308 2498 3367 2551 δὲ
3422 2501 3652 2569 μάλιστα
3679 2502 3755 2564 σὺ,

2190 2588 2345 2649 ὅστις
2383 2588 2453 2639 τὰ.
2487 2587 2598 2638 τῶν
2651 2586 2888 2639 συνόδων
2940 2588 3232 2653 ἀναγνοὺς,
3281 2590 3537 2659 ἐνέτυχες
3568 2592 3759 2653 πάντως

510 2685 567 2731 et
593 2677 715 2745 pios
747 2677 1133 2747 imperatores.
1187 2678 1490 2748 praesertim
1527 2677 1922 2741 Iustinianum.
1982 2696 2092 2735 non

2196 2680 2293 2733 καὶ
2326 2680 2450 2741 ταῖς
2500 2679 2954 2747 προηγουμέναις
2996 2679 3097 2748 τῆς
3127 2680 3327 2749 τρίτης
3359 2683 3579 2735 συνόδου
3628 2683 3759 2752 βασι-

512 2767 793 2834 fuudasse,
832 2769 929 2825 sed
980 2768 1221 2825 fideliter
1264 2783 1555 2825 enarrasse
1596 2770 1887 2839 primatum
1920 2786 2094 2842 papae.

2196 2771 2337 2824 λέων
2399 2771 2734 2837 ἐπιστολαῖς,
2764 2773 2822 2824 ἐν
2885 2764 2978 2834 αἷς
3042 2771 3257 2840 λάμπει
3317 2775 3552 2845 μάλιστα
3599 2776 3759 2845 ἡτῶν

514 2863 786 2935 βασιλέων
818 2864 984 2927 αιδὼς
1018 2864 1114 2919 καὶ
1156 2865 1417 2921 εὐλάϐεια
1469 2867 1599 2934 περὶ
1634 2866 1734 2921 τὸν
1758 2867 1948 2937 θρόνον
1999 2867 2095 2920 τοῦ
2137 2868 2347 2939 Πέτρου
2374 2883 2390 2898 ’
2428 2869 2573 2923 ὥστε
2614 2868 2783 2939 λῆρος
2847 2868 3111 2937 ἄντικρυς
3145 2872 3174 2925 ὃ
3212 2872 3423 2942 λέγεις,
3484 2876 3687 2945 πρῶτον
3712 2875 3760 2926 ὲν

514 2956 800 3027 βασιλεῦσι
846 2959 938 3011 τὸν
986 2960 1377 3014 Ἰονστινιανδν
1419 2961 1679 3013 θεσπίσαι
1721 2960 1782 3013 τὸ
1830 2964 2103 3029 πρωτεῖον
2142 2962 2238 3017 τοῦ
2289 2964 2513 3017 πάππα.
2558 2964 2669 3017 Καὶ
2717 2968 2848 3032 τοὺς
2900 2971 3152 3043 Πατέρας
3192 2970 3287 3023 οὖν
3333 2971 3517 3040 φαμὲν
3558 2972 3661 3032 τοῖς
3687 2970 3751 3021 οἱ·

516 3046 691 3111 κείοις
741 3050 890 3117 ὅροις
943 3051 1006 3102 οὐ
1054 3050 1376 3116 δεδωκέναι,
1428 3051 1565 3105 ἀλλὰ
1622 3052 1993 3122 δεδηλωκέναι,
2043 3055 2107 3108 τὸ
2147 3058 2416 3125 πρωτεῖον
2452 3058 2546 3111 τοῦ
2595 3060 2836 3113 πάππα·
2878 3064 2973 3115 καὶ
3022 3065 3149 3125 τοὺς
3192 3066 3443 3126 εὐσεϐεῖς
3471 3064 3578 3117 τῶν
3615 3066 3748 3133 βασι-

515 3141 675 3210 λέων,
753 3144 994 3215 μάλιστα
1022 3143 1079 3196 δὲ
1141 3144 1235 3197 τὸν
1282 3145 1706 3210 ἰουστινιανὸν,
1772 3146 1835 3198 οὐ
1908 3150 2408 3218 προτετιμηκέναι,
2472 3150 2611 3204 eam
2678 3156 3170 3225 μεμαρτυρηκέναι
3243 3157 3307 3209 τὸ
3366 3160 3627 3228 πρωτεῖον
3684 3155 3760 3208 τοῦ

516 3238 743 3293 πάππα.

1054 3377 1261 3435 MLUS
1289 3378 1441 3451 (Cap.
1473 3334 1593 3452 Ill).

591 3491 734 3560 Quid
765 3492 931 3562 ergo?
980 3492 1100 3548 Non
1146 3503 1231 3548 est
1276 3493 1387 3549 ullo
1419 3493 1584 3548 modo
1621 3508 1757 3564 papa
1813 3507 2103 3549 successor

523 3583 720 3638 Petri?
772 3584 868 3638 Est
917 3585 1008 3638 ille
1040 3585 1289 3653 quidem,
1340 3584 1433 3639 sed
1466 3596 1526 3639 ut
1562 3589 1895 3655 episcopus;
1953 3586 2102 3656 quod

521 3678 817 3748 episcopus
845 3677 1010 3733 etiam
1059 3679 1294 3748 quisque
1335 3679 1498 3732 habet
1525 3694 1717 3733 eorum
1769 3678 1863 3747 qui
1904 3678 1973 3733 ab
2011 3678 2105 3732 illo

523 3773 831 3828 consecrati
865 3782 1024 3829 sunt.
1060 3772 1194 3827 Nam
1244 3782 1301 3825 et
1330 3770 1566 3841 quilibet
1599 3772 1911 3837 hierarcha,
1954 3772 2105 3843 quod

521 3868 723 3921 attinet
747 3867 812 3920 ad
850 3868 976 3929 hoc,
1010 3866 1162 3919 illius
1193 3864 1425 3933 apostoli
1478 3879 1767 3920 successor
1795 3876 1881 3920 est
1924 3881 1954 3920 a
1995 3880 2107 3934 quo

526 3978 622 4031 per
653 3961 1060 4015 successionem
1101 3957 1292 4010 habuit
1323 3957 1709 4011 sacerdotium.
1739 3957 1854 4023 Qua
1893 3959 2106 4015 ratione

526 4053 726 4107 multos
758 4051 925 4105 habet
955 4051 1147 4103 Petrus
1162 4057 1219 4101 et
1241 4047 1432 4117 reliqui
1461 4048 1693 4116 apostoli
1714 4063 2105 4114 successores;

522 4145 620 4215 qui
652 4158 786 4198 vero
811 4142 879 4197 ad
903 4142 1031 4206 alia,
1065 4155 1435 4210 nequaquam.
1490 4139 1684 4195 Petrus
1711 4142 1860 4194 enim
1888 4149 1943 4196 et
1976 4156 2109 4210 apo-

524 4237 699 4293 stolus
749 4247 835 4291 est
860 4246 919 4288 et
960 4233 1338 4304 apostolorum
1391 4233 1689 4303 princeps;
1723 4244 1780 4286 at
1818 4248 1956 4303 papa
2006 4249 2109 4289 nec

525 4328 807 4401 apostolus
842 4336 949 4393 est,
980 4340 1083 4382 nec
1129 4327 1503 4396 apostolorum
1550 4324 1893 4395 coryplueus.

590 4535 790 4589 Petrus
809 4531 1069 4602 magister
1101 4539 1187 4586 est
1208 4530 1360 4585 orbis
1403 4539 1699 4595 terrarum,
1732 4543 1869 4597 papa
1895 4534 2110 4598 episco-

528 4642 631 4699 pus
662 4625 868 4679 Romae.

600 4716 793 4771 Petrus
822 4716 1096 4771 ordinavit
1134 4718 1457 4785 episcopum
1512 4712 1821 4767 Antiochiae
1848 4714 2032 4780 talem,
2056 4726 2111 4770 et

530 4809 877 4865 Alexandriae
901 4811 1089 4871 talem,
1118 4819 1175 4864 et
1201 4807 1333 4861 alibi
1361 4805 1563 4859 alium:
1588 4807 1834 4861 Romano
1850 4809 2112 4879 episcopo

531 4919 640 4958 non
666 4904 792 4959 licet
822 4903 937 4957 haec
957 4903 1159 4957 facere.

603 4997 798 5051 Petrus
822 4996 1144 5066 episcopum
1172 4992 1478 5046 Romanum
1520 4990 1805 5063 designat,
1832 5007 1967 5063 papa
1998 5000 2107 5046 non

532 5092 788 5161 designat
817 5088 985 5141 alium
1013 5100 1228 5156 papam.
1326 5088 1327 5093 ‘

606 5181 781 5233 Petro
801 5176 1127 5245 simpliciter
1154 5173 1361 5228 dictum
1382 5181 1501 5229 est:
1534 5172 1911 5242 Quodcumque
1941 5171 2111 5225 solue-

532 5275 628 5337 ris,
657 5280 749 5325 aut
780 5268 1041 5338 ligaveris,
1072 5269 1171 5322 erit
1212 5268 1438 5337 ligatum
1472 5276 1565 5320 aut
1592 5266 1825 5327 solutum
1868 5266 1922 5317 in
1947 5264 2111 5319 cwlis.

535 5363 675 5419 Dum
703 5375 835 5414 vero
868 5360 955 5415 ille
984 5363 1212 5431 gratiam
1252 5358 1661 5415 transfunderet
1707 5361 1760 5413 in
1792 5362 2113 5428 episcopum

539 5456 870 5516 Romanum,
924 5468 1031 5508 non
1094 5453 1352 5519 absoluto
1402 5467 1658 5507 sermone
1707 5462 1796 5504 est
1824 5466 1977 5516 usus,
2019 5452 2115 5505 sed

534 5547 778 5618 Ligahis,
810 5545 1008 5617 inquit,
1034 5548 1178 5619 quod
1209 5548 1368 5619 ligari
1398 5553 1641 5618 oportet,
1682 5552 1737 5597 et
1765 5543 1944 5599 solves
1969 5545 2117 5613 quod

536 5643 715 5695 decet.

610 5730 806 5787 Petrus
848 5749 968 5803 quae
1011 5735 1148 5789 dixit
1211 5743 1339 5790 sunt
1384 5747 1551 5789 voces
1599 5730 1839 5801 Spiritus
1896 5731 2112 5785 saucii:

2134 3386 2183 3447 C

2861 3403 3136 3459 ΝΕΙᾹΟΣ.

2276 3515 2341 3567 Τί
2368 3514 2501 3581 οὗνς
2539 3517 2641 3570 οὐκ
2674 3516 2823 3569 ἐστιν
2852 3518 2880 3569 ό
2932 3520 3162 3579 πάππας
3206 3519 3273 3577 τὰ
3301 3520 3526 3573 σύνολον
3561 3521 3646 3573 τοῦ
3680 3518 3765 3571 ill-

3075 3612 3166 3630 ‘.'.9‘
3194 3612 3216 3630 ,Q

2217 3702 2311 3754 καὶ
2338 3701 2446 3753 τῶν
2473 3702 2793 3754 ἐπισκόπων
2836 3701 3068 3765 ἕκαστος
3101 3704 3214 3755 τῶν
3242 3704 3340 3756 ὑπ’
3370 3707 3576 3759 ἐκείνου
3608 3720 3763 3775 χειρο-

2208 3793 2564 3864 τονηθέντων.
2601 3795 2711 3845 Καὶ
2736 3793 2843 3845 τῶν
2879 3795 3154 3864 ἱεραρχῶν
3176 3795 3234 3849 δὲ
3266 3795 3503 3858 ἕκαστος
3537 3796 3760 3863 διάδοχος

2168 3942 2173 3957 ι
2210 3887 2352 3939 κατά
2384 3902 2446 3953 γε
2473 3885 2629 3938 τοῦτο
2661 3885 2898 3938 ἑκάστου
2920 3887 3031 3940 τῶν
3060 3889 3411 3953 ἀποστόλων,
3445 3889 3533 3956 ὑφ’
3561 3881 3618 3941 οὗ
3646 3886 3766 3938 κατι

2207 3978 2458 4047 διαδοχὴν
2487 3978 2589 4045 τὴν
2630 3978 2936 4048 ἱερωσύνην
2967 3978 3202 4047 εἰλήφει.
3240 3982 3400 4034 Κατὰ
3452 3981 3552 4051 μὲν
3575 3975 3662 4034 οὖν
3688 3978 3765 4029 τὸν

2208 4071 2370 4137 λόγον
2420 4069 2612 4122 τοῦτον
2658 4069 2846 4121 πολλοὶ
2881 4071 2977 4122 καὶ
3017 4071 3113 4122 τοῦ
3144 4072 3354 4141 Πέτρου
3398 4076 3491 4126 καί
3522 4072 3625 4124 τῶν
3652 4075 3768 4124 ἀπο·

2213 4159 2705 4227 στόλωνδιάδοχοι,
2742 4162 2885 4213 κατὰ
2913 4161 2968 4213 δὲ
3000 4162 3068 4214 τὰ
3099 4161 3236 4216 ἄλλα
3265 4162 3544 4233 οὐδαμῶς.
3584 4162 3765 4231 Πέτρος

2216 4256 2313 4324 μὲν
2348 4256 2456 4324 γὰρ
2506 4256 2602 4307 καὶ
2648 4255 2970 4320 ἀπόστολος,
3008 4256 3103 4309 καὶ
3148 4256 3468 4310 ἀποστόλων
3520 4256 3767 4322 ἔξαρχος⁶

2212 4347 2241 4398 ό
2270 4346 2327 4398 δὲ
2356 4348 2589 4409 πάππας
2620 4344 2745 4398 οὔτε
2773 4346 3095 4412 ἀπόστολος,
3124 4348 3249 4400 οὔτε
3280 4347 3597 4402 ἀποστόλων
3626 4358 3770 4413 κορυ-

2214 4441 2398 4507 φαῖος.

2286 4532 2492 4601 Πέτρος
2535 4531 2861 4595 διδάσκαλος
2915 4534 3100 4603 πάσης
3153 4536 3253 4604 τῆς
3301 4532 3643 4602 οἰκουμένης,
3673 4525 3772 4580 ὁδὶ

2216 4626 2453 4687 πάππας
2487 4624 2790 4687 ἐπίσκοπος
2835 4624 3080 4694 Ῥώμης.

2289 4717 2496 4787 Πέτρος
2542 4718 2603 4769 ἐν
2662 4719 2969 4787 Ἀντιοχείᾳ
3020 4717 3112 4770 τὸν
3167 4718 3317 4771 δεῖνα
3366 4716 3675 4788 χειροτονεῖ,
3724 4713 3775 4764 ὲν

2236 4807 2623 4879 Ἀλεξανδρείᾳ
2654 4807 2711 4861 δὲ
2745 4809 2957 4879 ἕτερον,
2991 4812 3090 4863 καὶ
3123 4810 3283 4863 ἄλλον
3312 4808 3549 4880 ἀλλαχοῦ
3569 4825 3580 4835 ·
3618 4806 3692 4877 τῷ
3725 4805 3772 4856 δὲ

2230 4900 2450 4972 Ῥώμης
2480 4902 2581 4954 οὐκ
2612 4904 2828 4970 ἐφεῖται
2857 4901 3032 4956 ταῦτα
3071 4904 3264 4958 ποιεῖν.

2282 4994 2493 5065 Πέτρος
2520 4995 2824 5047 ἐπίσκοπον
2847 4993 3071 5067 Ῥώμης
3098 4986 3464 5067 χειροτονεῖ,ό
3487 4995 3544 5049 δὲ
3576 4990 3777 5060 Ῥώμης

2214 5087 2450 5140 πάππαν
2479 5086 2667 5156 ἕτερον
2694 5088 2755 5140 οὐ
2791 5089 3185 5158 προὸάλλεται.

2288 5179 2495 5250 Πέτρος
2548 5180 2736 5243 ἁπλῶς
2795 5181 3057 5252 ἤκουσεν,
3094 5184 3157 5235 Ὃ
3210 5184 3427 5249 λύσεις
3475 5182 3513 5251 ἢ
3564 5181 3777 5245 δήσεις.

2215 5274 2391 5327 ἔσται
2424 5273 2752 5344 δεδεμένον
2780 5277 2816 5344 ἢ
2840 5275 3186 5344 λελυμένον
3209 5277 3280 5330 ἐν
3321 5277 3447 5343 τοῖς
3473 5273 3743 5346 οὐρανοῖς
3763 5286 3776 5301 ’

2218 5366 2360 5436 πρὸς
2395 5366 2452 5419 δὶ
2485 5368 2579 5420 τὸν
2624 5368 2847 5438 Ῥώμης
2887 5369 3050 5432 αὐτὸς
3098 5370 3433 5432 διαϐιϐάζων
3460 5372 3558 5439 τὴν
3604 5372 3776 5436 χάριν.

2219 5460 2320 5530 οὐχ
2343 5459 2527 5522 ἁπλῶς
2564 5462 2793 5533 εἴρηκεν
2820 5478 2833 5491 ·
2871 5462 3028 5527 ἀλλὰ,
3056 5464 3252 5533 Δήσεις
3283 5462 3311 5514 ὃ
3340 5463 3419 5515 δεῖ
3445 5462 3676 5533 δεθῆναι,
3698 5456 3779 5510 καὶ

2220 5550 2406 5615 λύσεις
2440 5555 2582 5623 μετὰ
2611 5554 2707 5609 τοῦ
2734 5556 2967 5619 δέοντος.

2296 5730 2498 5801 η’τροό
2550 5731 2584 5785 ἂ
2630 5728 2772 5799 εἷπε,
2826 5720 3167 5807 Πνεύματοξ
3211 5734 3367 5805 ἁγίου
3432 5733 3629 5802 φωναί·
3686 5720 3775 5780 ποῦ
