4048 6472
362 328 477 390 ’74)

1659 320 2105 382 REFUTATIO
2145 321 2330 383 NlLI.

3516 322 3621 384 ἰθ

355 438 498 492 Αὐτὸ
552 436 609 489 δὲ
664 434 723 488 τὸ
776 435 902 506 περὶ
955 434 1053 504 τὴν
1104 433 1416 503 συνείδησιν
1468 432 1808 503 ἁμαρτάνειν
1842 433 1942 486 οὐκ

2047 434 2280 505 gatiouis
2315 436 2403 490 Dei
2428 436 2452 490 ?
2481 435 2644 490 Deum
2677 438 2840 502 enim,
2883 436 3062 505 inquit
3096 435 3297 490 Paulus
3327 473 3342 497 .
3365 436 3622 504 conﬁten-
3667 508 3676 518 .

355 527 497 591 ιῖἱος
518 529 708 592 ἅθεῖας
752 529 908 596 έστίς
946 530 1097 586 Θεὸν
1125 529 1257 598 γὰρ,
1291 530 1457 598 φησὶν
1488 531 1515 582 ὁ
1552 527 1786 594 Παῦλος,
1815 529 1943 594 τοῖς

350 623 469 692 μὲν
498 623 703 692 ,λόγοις
754 622 1144 691 ὁμολογοῦσι,
1175 623 1301 689 τοῖς
1348 622 1418 675 δὲ
1458 621 1656 690 ἔργοις
1687 622 1941 689 ἀρνοῦν-

361 731 454 770 ται
477 730 491 746 ·
531 714 648 776 πῶς
677 711 860 783 ἔργοις
889 713 990 782 μὲν
1016 713 1109 767 τὸν
1139 714 1328 768 πάπαν
1354 714 1635 784 ἐνδέχεται
1658 712 1943 783 ἀρνεῖσθαι

341 791 451 862 τὸν
480 806 638 872 Θεὸν,
669 805 851 874 λόγοις
874 804 932 859 δὲ
961 804 1256 876 οὐδαμῶςς

931 916 1371 972 ΑΝΤΙΡΡΗΣΙΣ.

444 1035 542 1090 Ἕκ
579 1035 1006 1104 πεπλανημένης
1057 1035 1240 1103 ἀρχῆς
1284 1035 1613 1105 ἀρξάμενος,
1665 1035 1768 1105 ὁδῷ
1812 1052 1945 1106 προ-

353 1128 567 1182 ϐαίνων
606 1119 969 1200 παρεκτρέπῃ
1003 1126 1208 1196 μᾶλλον
1251 1128 1353 1198 τῆς
1379 1127 1668 1199 ἀληθείας.
1699 1128 1790 1182 Ἐν
1820 1128 1947 1182 τούο

358 1237 474 1284 τοις
500 1239 593 1274 σου
625 1223 738 1285 τοῖς
765 1219 949 1288 λόγοις
978 1222 1105 1290 τρία
1126 1221 1358 1293 σοφίζει.

432 1315 659 1384 Πρῶτον
679 1332 694 1348 ο
725 1315 1022 1369 Πέπτωκεν
1049 1315 1078 1366 ὁ
1098 1313 1332 1385 Πέτρος,
1363 1315 1470 1387 ἄρα
1496 1316 1721 1372 δύναται
1755 1318 1946 1372 πεσεῖν

361 1408 458 1459 καὶ
489 1408 526 1459 ὁ
566 1405 776 1481 πάπας.

435 1497 740 1566 Δεύτερονσ
808 1496 871 1549 '0
931 1496 1232 1568 δυνάμενος
1297 1497 1430 1568 περὶ
1479 1497 1577 1568 τὴν
1638 1497 1960 1570 συνείδησιν,

358 1588 703 1657 σφάλλεσθαι
728 1589 955 1641 δύναται
981 1591 1076 1641 καὶ
1114 1589 1244 1659 περὶ
1270 1587 1584 1658 τῆν’·πίστιν
1612 1591 1946 1660 ναυαγῆσαι,

362 1682 505 1736 κατὰ
557 1681 650 1736 τὸν
703 1683 977 1751 μακάριον
1039 1682 1271 1735 Παῦλον.
1318 1681 1484 1735 Ἀλλὰ
1530 1683 1637 1754 μὴν
1683 1687 1712 1737 ὁ
1755 1686 1946 1750 πάπας

360 1777 652 1844 ἄνθρωπος
676 1772 759 1826 ’ὣν
787 1776 851 1827 οὐ
886 1775 1064 1842 πάντη
1111 1777 1240 1845 περὶ
1283 1775 1384 1846 τὴν
1417 1777 1728 1848 συνείδησιν
1758 1779 1942 1851 ὑγιὴς,
1980 1809 2020 1867 Β

361 1868 474 1937 ἄρα
505 1868 731 1920 δύναται
765 1867 860 1920 καὶ
889 1867 1018 1935 περὶ
1042 1868 1142 1936 τὴν
1176 1866 1361 1920 πίστιν
1390 1867 1708 1938 ἀσθενῆσαι.

437 1960 639 2030 Τρίτον
665 1977 679 1989 ·
715 1961 792 2012 Τὸ
823 1961 952 2030 περὶ
981 1962 1080 2030 τὴν
1135 1961 1446 2033 συνείδησιν
1479 1963 1819 2032 ἁμαρτάνειν
1868 1960 1946 2019 εῖ-

361 2054 454 2118 δος
486 2055 680 2116 ἀθεῖας
707 2053 849 2118 ἐστὶ,
887 2055 1027 2107 κατὰ
1061 2055 1273 2109 Παῦλον
1295 2071 1310 2088 ο
1351 2055 1490 2108 ἀλλὰ
1528 2057 1637 2126 μὴν
1669 2057 1942 2128 ἐνδέχεται

361 2147 458 2200 τὸν
515 2148 703 2200 πάπαν
755 2148 900 2200 κατὰ
953 2147 1056 2216 τὴν
1108 2147 1418 2220 συνείδησιν
1483 2147 1784 2221 ἁμαρτεῖν,
1835 2151 1944 2220 ἄρα

359 2240 550 2309 ἔργοις
591 2240 782 2293 ἀθεϊαν
827 2241 1025 2294 νοσεῖν.
1053 2240 1114 2294 Et
1161 2241 1218 2294 δὲ
1263 2241 1450 2310 ἔργοις
1496 2243 1724 2297 δύναται
1757 2246 1942 2314 ἀρνεῖ-

364 2331 498 2384 σθαι
543 2331 636 2382 τὸν
666 2331 818 2397 Θεὸν,
845 2331 1074 2384 δύναται
1117 2335 1212 2386 καὶ
1240 2333 1422 2401 λόγοις
1441 2349 1456 2364 ο
1487 2333 1688 2402 ψεῦδος
1729 2334 1940 2401 λοιπὸν,

359 2425 440 2488 ὡς
467 2425 730 2480 ἀδύνατον
752 2425 844 2478 τὸν
875 2424 1067 2479 πάπαν
1094 2425 1206 2478 τῶν
1237 2425 1416 2497 ὀρθῶν
1448 2428 1708 2482 ἐκπεσεῖν
1740 2428 1943 2499 δογμά-

361 2532 498 2572 των.
1837 2514 1839 2518 ’

450 2610 694 2682 Ἀπαντᾷ
735 2609 874 2681 πρὸς
906 2609 1088 2666 ταῦτά
1129 2627 1226 2664 σου
1258 2611 1328 2666 τὰ
1380 2615 1698 2684 σοφίσματα
1745 2617 1942 2686 ὴάγία

363 2704 599 2773 τετάρτη
631 2703 848 2767 σύνοδος
875 2705 932 2756 ὲν
957 2706 1025 2775 τῇ
1058 2703 1197 2772 πρὸς
1241 2703 1448 2758 Λέοντα
1479 2708 1571 2758 τὸν
1599 2707 1790 2760 πὰπαν
1824 2711 1942 2760 ἐπι-

337 2795 526 2866 στολῇ
553 2812 568 2866 _-
605 2797 742 2866 πρὸς
784 2797 881 2865 μὲν
907 2796 968 2848 τὸ
1007 2797 1225 2867 πρῶτον
1255 2797 1316 2849 ὲν
1354 2793 1442 2861 οἷς
1464 2798 1642 2869 λέγει,
1665 2800 1751 2854 ὅτι
1788 2801 1943 2855 Λέων

365 2887 464 2957 τὴν
525 2889 714 2941 πίστιν
784 2887 975 2959 ὥσπερ
1032 2892 1244 2960 χρυσῆν
1299 2894 1490 2962 σειρὰν
1561 2900 1943 2966 καταγομένην

362 2979 676 3047 διεφύλαξε,
722 2981 890 3034 πᾶσιν
937 2981 1211 3052 ἑρμηνεὺς
1266 2984 1556 3052 γενόμενος
1611 2987 1710 3056 τῆς
1759 2991 1942 3056 φωνῆς

365 3071 460 3123 τοῦ
494 3073 767 3142 μακαρίου
803 3073 1011 3140 Πέτρου
1034 3114 1051 3139 ,
1077 3073 1172 3126 καί¹
1214 3073 1299 3126 ὅτι
1333 3074 1526 3128 τοῦτον
1556 3077 1655 3148 τῆς
1702 3079 1942 3142 πίστεως

2049 537 2137 581 tur
2165 543 2222 581 sc
2239 543 2416 591 nosse,
2445 529 2594 598 factis
2622 537 2798 582 autent
2836 529 3093 598 negant".
3135 527 3421 593 Quomodo
3458 527 3623 599 igitur

2047 633 2183 688 papa
2238 619 2396 676 factis
2446 621 2669 690 quidem
2723 630 2898 690 potest
2956 636 3153 692 negare
3187 619 3384 685 Deum,
3443 623 3629 680 xerbis

2047 711 2523 772 autem'minime?

2603 917 3078 975 CONFUTATIO.

2109 1030 2164 1086 Ἐ
2199 1033 2373 1087 fallaci
2402 1048 2562 1088 orsus
2590 1034 2868 1105 principio
2890 1075 2905 1101 ,
2953 1034 3082 1088 dum
3112 1028 3486 1105 progrederis,
3507 1037 3629 1105 plus

2049 1127 2281 1198 plusque
2338 1141 2366 1180 a
2421 1127 2652 1183 veritate
2711 1127 2946 1184 recedis.
2981 1121 3106 1183 Tria
3157 1129 3248 1184 hic
3287 1130 3630 1198 sophismata

2049 1215 2334 1283 proponis.
2927 1235 2930 1238 ’
3065 1231 3070 1236 ‘

2120 1305 2404 1361 Primum:
2436 1307 2664 1380 Lapsus
2695 1317 2782 1366 est
2813 1310 3034 1380 Petrus,
3063 1326 3193 1383 ergo
3211 1313 3329 1368 iab‘i
3366 1322 3543 1384 potest
3576 1327 3631 1370 et

2049 1414 2210 1469 papa.

2029 1511 2032 1516 ·
2113 1489 2434 1546 Secundum
2465 1510 2478 1546 :
2511 1490 2613 1558 Qui
2642 1487 2821 1563 potest
2872 1495 3227 1572 conscientiae
3291 1497 3444 1567 lapsu
3499 1513 3630 1568 pec-

2049 1597 2195 1648 care,
2221 1592 2402 1651 potest
2429 1583 2593 1638 etiam
2619 1585 2967 1657 naufragium
3003 1586 3126 1642 ﬁdei
3153 1590 3332 1644 facere
3353 1630 3367 1654 ,
3435 1605 3634 1645 secuno

1978 1675 1983 1680 ’
2049 1673 2178 1728 dum
2208 1673 2360 1760 Pauli
2385 1674 2612 1730 dictum.
2648 1672 2755 1731 Sed
2788 1692 2926 1746 papa
2949 1718 2962 1741 ,
3005 1694 3129 1733 cum
3189 1680 3354 1733 homo
3391 1681 3484 1746 sit,
3517 1697 3630 1736 non

2048 1776 2133 1821 est
2160 1782 2191 1820 a
2221 1767 2721 1823 conscientite'labe
2750 1771 3036 1838 immunis,
3073 1787 3206 1844 ergo
3234 1771 3434 1844 poterit
3461 1775 3628 1830 etiam

2051 1855 2230 1913 facere
2264 1857 2604 1930 naufragium
2635 1860 2777 1916 ﬁdei.

2121 1948 2394 2015 Tertium,
2429 1951 2786 2007 conscientiae
2817 1953 2969 2023 lapsu
3016 1971 3269 2025 peccare,
3302 1957 3478 2028 genus
3508 1958 3631 2012 inﬁ-

2029 2044 2294 2100 delitatis
2316 2046 2570 2116 cs'tjuxta
2594 2047 2822 2102 Paulum
2847 2065 2862 2114 ;
2884 2057 2936 2102 at
2960 2065 3095 2118 papa
3125 2059 3305 2120 potest
3335 2053 3629 2108 conscien-

2053 2135 2143 2190 tia:
2172 2136 2330 2206 lapsu
2371 2150 2624 2209 peccare,
2649 2153 2784 2210 ergo
2824 2149 2880 2194 et
2916 2141 3166 2197 laborare
3201 2143 3306 2198 hoc
3331 2145 3629 2199 inﬁdelita-

2045 2227 2121 2282 tis
2151 2243 2374 2298 genere,
2413 2230 2674 2309 nimirum
2711 2246 2808 2300 per
2858 2247 3024 2302 prava
3064 2250 3253 2304 opera.
3303 2236 3415 2292 Sed
3446 2237 3490 2291 si
3528 2253 3629 2308 po-

2051 2329 2162 2376 test
2207 2323 2472 2392 operibus
2531 2339 2734 2396 negare
2799 2325 2992 2393 Deum,
3052 2330 3256 2397 poterit
3289 2338 3345 2383 et
3399 2331 3626 2385 verbis:

2051 2416 2251 2472 falsum
2282 2418 2451 2491 igitur
2477 2433 2580 2487 εει,
2615 2422 2730 2476 ﬁeri
2760 2438 2871 2478 non
2906 2437 3066 2494 posse
3118 2433 3177 2478 ut
3215 2441 3352 2494 papa
3385 2435 3536 2482 erret
3571 2427 3625 2480 iu

2049 2507 2175 2565 ﬁde.
2621 2503 2624 2506 ’
2963 2546 2994 2562 χ
3379 2579 3382 2582 ἢ
3515 2529 3518 2532 ~

2122 2605 2202 2660 Ad
2242 2605 2364 2662 haec
2390 2595 2686 2676 respondet
2741 2619 2927 2664 saneta
2997 2610 3241 2682 synodus
3301 2620 3499 2682 quarta
3567 2613 3624 2666 in

2050 2698 2290 2769 cpistola
2315 2699 2380 2752 ad
2416 2699 2654 2754 Leonem
2689 2711 2908 2770 papam.
2941 2703 3020 2756 Ad
3057 2695 3317 2771 primum,
3346 2706 3472 2756 dum
3505 2703 3583 2757 ait
3614 2725 3626 2758 :

2051 2791 2206 2858 Quod
2233 2791 2350 2846 Leo
2382 2793 2547 2866 fidem
2579 2794 2870 2849 deductam
2904 2795 3071 2850 veluti
3113 2810 3334 2849 auream
3375 2807 3626 2852 catenam

2049 2885 2312 2949 servavit,
2344 2887 2682 2940 constitutus
2707 2887 2964 2942 euntibus
2991 2886 3269 2957 interpres
3301 2890 3452 2943 vocis
3484 2889 3628 2944 beati

2052 2975 2236 3046 Petri;
2287 2970 2546 3046 quodque
2593 2979 2735 3034 hanc
2777 2980 2904 3035 ﬁdei
2952 2980 3326 3037 hatreditatem
3388 2985 3631 3054 synodus

2027 3067 2288 3121 ostendit
2329 3065 2591 3126 Eeclesite
2637 3071 2781 3137 ﬁliis,
2822 3087 2916 3127 usa
2961 3073 3092 3128 boni
3132 3075 3270 3129 duce
3308 3084 3364 3130 et
3401 3089 3628 3134 auctore

365 3166 460 3218 τὸν
494 3167 695 3236 κλῆρον
731 3165 931 3232 ἔδειξεν
961 3168 994 3233 ἡ
1040 3166 1259 3229 σύνοδος
1291 3169 1404 3230 τοῖς
1445 3169 1656 3231 τέκνοις
1697 3171 1796 3240 τῆς
1823 3171 1946 3224 Ἐκ-

2048 3169 2215 3224 papa.
2254 3155 2464 3225 Lapsus
2513 3161 2738 3227 quidem
2788 3171 2873 3216 est
2898 3163 3121 3226 Petrus,
3159 3165 3413 3220 Christus
3445 3177 3626 3223 tamen

369 3258 598 3329 κλησίας
647 3258 877 3328 ἀρχηγῷ
912 3257 1008 3311 τοῦ
1053 3257 1225 3312 καλοῦ
1274 3261 1608 3330 χρησαμένη
1637 3261 1716 3331 τῷ
1757 3263 1946 3334 πάπςν

368 3351 661 3404 πέπτωκεν
707 3353 736 3402 ὁ
783 3351 1011 3418 Πέτρος,
1036 3351 1182 3403 ἀλλὰ
1233 3352 1370 3420 πρὸς
1420 3353 1582 3405 αὐτὸν
1609 3354 1635 3405 ὁ
1671 3354 1906 3425 Χριστός
1931 3371 1945 3386 ·

365 3443 475 3497 Kal
511 3444 594 3497 σύ
635 3456 784 3495 ποτε
825 3443 1226 3520 ἐπιστρέψας,
1255 3443 1550 3512 «nimiar-
1583 3445 1727 3511 τοὺς
1774 3446 1948 3500 ἀδελ-

367 3537 525 3603 φούς
551 3551 690 3589 σου.
731 3534 904 3605 Εἴπερ
931 3535 964 3605 ἡ
995 3534 1124 3602 ἁγία
1166 3535 1384 3598 σύνοδος
1416 3536 1481 3588 ὲκ
1513 3539 1612 3606 τῆς
1647 3538 1833 3607 φωνῆς
1854 3538 1948 3592 τοῦ

373 3631 529 3681 πάπα
557 3628 725 3692 ἔδειξε
754 3627 855 3699 τῆν
879 3628 1061 3680 πίστιν
1093 3629 1210 3689 τοῖς
1233 3627 1445 3691 τέκνοις
1472 3629 1569 3698 τῆς
1585 3628 1946 3700 Ἔκκλησίας,

370 3724 519 3776 ἐστιν
550 3721 660 3790 ἄρα
687 3724 716 3775 ὁ
749 3722 963 3786 πὰπας,
1014 3722 1156 3775 κατὰ
1185 3717 1285 3792 τὴν
1315 3721 1478 3789 ἁγίαν
1506 3722 1746 3788 σύνοδον,
1777 3726 1948 3794 ἑρμη-

367 3816 494 3878 νεὺς
522 3815 620 3880 τῆς
656 3814 844 3884 φωνῆς
893 3811 990 3866 τοῦ
1027 3810 1304 3881 μακαρίου
1343 3814 1554 3884 Πέτρου
1600 3801 1950 3884 στηρίζοντος

368 3907 495 3970 τοὺς
533 3907 799 3975 ἀδελφοὺς
831 3907 926 3960 καὶ
963 3905 1034 3959 τὰ
1083 3905 1252 3958 τέκνα
1281 3905 1386 3974 τῆς
1407 3905 1762 3976 Ἐκκλησίας.
1802 3907 1862 3961 Εἰ
1893 3908 1950 3961 δὲ

369 3999 550 4066 τοῦτο,
582 4001 611 4052 ὁ
655 4001 848 4062 πάπας
953 3999 1141 4061 πάπας
1174 3997 1451 4068 ἑρμηνεύς
1495 4002 1614 4052 ἐστι
1650 4001 1748 4054 καὶ
1774 3995 1952 4055 διάδο-

370 4105 464 4158 χος
494 4089 587 4143 τοῦ
619 4090 851 4159 Πέτρου,
879 4091 942 4142 οὐ
984 4088 1122 4143 καθὸ
1159 4091 1366 4152 ἐκεῖνος
1401 4089 1734 4160 ἀνθρωπίνῳ
1783 4092 1948 4144 ἀσθε-

364 4183 490 4253 νείᾳ
545 4181 1026 4247 πέπτωκεν,-ἀλλὰ
1054 4179 1193 4233 καθὸ
1222 4183 1351 4244 τοὺς
1401 4181 1667 4251 ἀδελφοὺς
1702 4182 1948 4254 στηρίξει

368 4276 436 4340 τῇ
487 4270 748 4339 ὁμολογίᾳ
796 4271 896 4339 τῆς
944 4269 1115 4340 ὀρθῆς
1170 4271 1430 4335 πίστεως.
1463 4272 1622 4326 Κατὰ
1675 4269 1738 4326 δὲ’
1788 4275 1948 4326 τοῦτο

364 4359 635 4417 ἀδύνατον
685 4365 874 4418 πεσεῖν
919 4380 1051 4416 ποτε
1078 4364 1170 4416 τὸν
1217 4363 1446 4434 Πέτρον,
1476 4367 1638 4435 εἴπερ
1682 4360 1948 4421 ἀδύνατον

359 4455 805 4527 ψεύσασθαι-τὴν
833 4453 1121 4524 ἀλήθειαν.
1153 4455 1319 4509 Ὥστε
1343 4455 1536 4520 διττῶς
1556 4458 1944 4525 θεωρουμένου

366 4545 464 4603 τοῦ
517 4553 762 4620 Πέτρου,
816 4551 914 4602 καὶ
962 4549 1042 4612 ὡς
1094 4549 1258 4620 ψιλοῦ
1324 4549 1655 4621 ἅνθρὼπου,
1709 4554 1806 4605 καὶ
1867 4551 1946 4615 ὡς

369 4642 762 4712 προστάγματι
800 4639 896 4695 τοῦ
924 4642 1164 4711 Χριστοῦ
1189 4643 1320 4704 τοὺς
1366 4642 1632 4711 ἀδελφοὺς
1664 4643 1944 4712 στηρίζον-

365 4743 479 4798 τος,
516 4735 611 4788 καὶ
644 4734 740 4788 τοῦ
781 4734 947 4788 πάπα
986 4734 1377 4804 διαδεχομένου
1403 4736 1498 4787 τὸν
1533 4735 1766 4806 Πέτρον,
1796 4736 1940 4789 κο.τά

362 4829 466 4896 τὴν
511 4827 672 4896 ἁγίαν
701 4826 942 4893 σύνοδον,
995 4825 1074 4896 τῷ
1105 4843 1168 4893 γε
1207 4825 1448 4898 δευτέρῳ
1507 4827 1683 4892 τούτῳ
1729 4829 1937 4900 τρόπῳ,

2027 3249 2120 3303 'ad
2153 3252 2359 3319 ipsum,
2399 3249 2467 3304 Et
2502 3261 2581 3317 tu,
2621 3256 2819 3324 inquit,
2869 3253 3159 3328 aliquando
3190 3278 3469 3318 conversus
3498 3282 3627 3320 con-

2053 3342 2210 3410 ﬁrma
2259 3343 2453 3413 fratres
2508 3356 2621 3400 mos
2652 3349 2694 3399 ⁵.
2749 3345 2804 3401 Si
2865 3359 3052 3404 sancta
3102 3353 3343 3423 synodus
3384 3370 3449 3408 ex
3493 3373 3628 3412 voce

2053 3451 2206 3506 papa:
2240 3438 2487 3494 ostendit
2521 3439 2683 3495 ﬁdem
2728 3441 2990 3498 Ecclesia:
3028 3446 3174 3509 ﬁliis,
3213 3463 3349 3516 papa
3381 3465 3476 3517 per
3503 3465 3629 3505 san-

2053 3537 2195 3582 ctam
2228 3521 2498 3601 synodum
2536 3542 2621 3587 est
2661 3532 2934 3602 interpres
2964 3536 3114 3590 vocis
3143 3534 3462 3594 bcatil‘etri
3493 3557 3625 3596 con-

2048 3619 2322 3676 ﬁrmantis
2368 3621 2565 3676 fratres
2611 3632 2666 3677 ct
2716 3623 2856 3680 ﬁlios
2899 3625 3182 3681 Ecclesiae.
3219 3626 3359 3699 Ergo
3393 3645 3530 3699 papa
3571 3644 3628 3685 ut

2053 3726 2193 3783 papa
2229 3713 2506 3782 interpres
2541 3724 2624 3769 cst
2663 3727 2720 3769 et
2763 3732 3051 3771 successor
3081 3717 3252 3784 Petri,
3293 3736 3401 3774 non
3439 3733 3497 3775 ut
3529 3723 3629 3777 bu-

2026 3820 2215 3857 -mana
2241 3806 2340 3860 ille
2373 3805 2672 3875 fragilitate
2701 3807 2886 3876 lapsus
2909 3817 3021 3872 est,
3053 3809 3148 3862 sed
3180 3825 3243 3862 ea
3275 3811 3487 3866 ratione
3519 3829 3626 3883 qua

2053 3896 2251 3952 fratres
2303 3901 2593 3954 conﬁrmat
2637 3915 2737 3970 per
2792 3901 3192 3957 confessionem
3256 3915 3421 3960 rectae
3477 3910 3623 3965 fidei.

2053 3992 2162 4045 Sed
2191 3992 2297 4046 hoc
2325 4007 2486 4047 sensu
2519 4009 2625 4047 non
2655 4002 2875 4062 poterat
2898 4010 3086 4049 errare
3120 3997 3336 4063 Petrus,
3363 4002 3623 4069 quoniam

2053 4083 2393 4153 impossibile
2420 4094 2503 4138 est
2534 4085 2830 4140 Veritatem
2863 4087 3107 4141 mentiri.
3143 4087 3329 4158 itaque
3364 4107 3486 4146 cum
3522 4093 3625 4148 du-

2052 4176 2269 4246 pliciter
2296 4175 2514 4233 'Petrus
2547 4177 2956 4245 consideretur,
3005 4191 3064 4234 ut
3101 4197 3268 4249 purus
3311 4185 3495 4247 homo,
3536 4196 3624 4240 ut-

2050 4283 2158 4347 que
2203 4269 2460 4325 mandato
2493 4267 2702 4326 Christi
2742 4272 2944 4327 fratres
2989 4259 3346 4342 conﬁrmans,
3394 4288 3449 4331 et
3485 4265 3623 4349 papa

2050 4344 2311 4417 succedat
2353 4363 2543 4418 Petro
2559 4364 2711 4434 juxta
2759 4377 3002 4434 sanctam
3055 4368 3347 4438 synodum,
3389 4354 3495 4425 hoc
3539 4388 3626 4426 se.

2051 4454 2237 4510 eundo
2270 4457 2456 4523 modo,
2489 4467 2640 4510 tuum
2671 4460 2952 4527 sephisma
2983 4459 3218 4514 dilutum
3252 4471 3336 4515 est
3367 4480 3380 4515 :
3417 4461 3626 4534 Lapsus

2053 4555 2141 4600 est
2177 4545 2392 4612 Petrus,
2435 4563 2566 4618 ergo
2598 4558 2654 4602 et
2689 4565 2845 4619 papa.
2893 4543 3046 4607 Sicut
3091 4555 3237 4608 enim
3285 4555 3625 4626 impossibile

2052 4649 2160 4705 est,
2193 4650 2318 4711 post
2346 4642 2664 4696 mandatum
2699 4653 2755 4698 et
2781 4659 2972 4713 preces
3009 4645 3242 4714 Christi,
3283 4660 3341 4702 ut
3380 4666 3488 4703 non
3530 4654 3623 4704 de-

2054 4734 2199 4787 ficiat
2244 4731 2557 4806 ﬁdes‘ejus,
2598 4735 2708 4790 labi
2758 4735 3006 4804 Petrum,
3045 4740 3118 4794 ita
3157 4742 3323 4796 etiam
3371 4745 3624 4813 lll‘lpOSSt-

2049 4829 2158 4886 bile
2191 4839 2276 4884 est
2309 4829 2420 4883 labi
2456 4845 2672 4900 papam.

367 4917 786 4972 ἁπεσκέδασταί
815 4935 908 4970 σου
936 4918 999 4970 τὸ
1019 4919 1287 4986 σόφισμα·
1308 4921 1586 4973 -Πέπτωκε
1613 4921 1837 4988 Πέτρος,
1859 4926 1967 4996 ἄρα
1996 4925 2089 4980 καὶ
2111 4927 2138 4976 ὁ
2159 4927 2344 4987 πάπας
2359 4941 2372 4956 ·
2395 4925 2584 4996 ὥσπερ
2614 4928 2719 4996 γὰρ
2738 4927 3022 4991 ἀδύνατον,
3038 4930 3177 4996 μετᾶ
3198 4931 3258 4982 τὸ
3288 4931 3642 5006 πρόσταγμα,

365 5014 462 5068 τοῦ
514 5015 750 5086 Χριστοῦ
799 5015 894 5067 καὶ
936 5015 1038 5082 τῆν
1101 5014 1286 5082 δέησιν
1320 5012 1416 5065 τοῦ
1474 5015 1686 5084 μήποτε
1735 5017 1986 5088 ὲκλεῖψαι
2055 5019 2154 5092 τὴν
2209 5020 2417 5089 Πέτρου
2485 5023 2701 5086 πίστιν,
2761 5015 2949 5074 πεσεῒν
3002 5023 3094 5074 τὸν
3149 5024 3388 5096 Πέτρον,
3448 5029 3624 5092 οὕτως

365 5113 629 5164 ἀδύνατον
658 5111 846 5163 πεσεῖν
873 5110 967 5161 καὶ
1003 5108 1095 5162 τὸν
1124 5109 1342 5163 πάπαν.

439 5203 513 5254 Τὸ
545 5201 802 5270 δεύτερον
828 5200 1070 5269 σόφισμα
1096 5201 1277 5270 πάσης
1301 5200 1531 5263 ἀτοπίας
1559 5202 1742 5271 γέμει.
1777 5204 1941 5272 Λέγει

364 5294 618 5364 ’Τιμοθέῳ
644 5296 672 5345 ὁ
704 5292 979 5362 μακάριος
1012 5293 1245 5355 Παῦλος,
1277 5295 1359 5347 ὅτι
1391 5295 1751 5368 ἀπωσάμενοι
1797 5301 1942 5363 τινες

358 5386 462 5456 τῆν
487 5384 700 5455 ἀγαθὴν
733 5384 1040 5453 συνείδησιν
1064 5386 1420 5458 ἐναυάγησαν
1450 5391 1580 5459 περὶ
1609 5391 1710 5464 τὴν
1737 5393 1938 5448 πίστιν·

361 5481 475 5548 ἄρα
506 5477 600 5530 καὶ
619 5480 648 5530 ὀ
672 5476 865 5537 narra;
897 5476 1198 5546 δυνάμενος
1223 5480 1549 5533 ἀπώσασθαι
1574 5483 1673 5554 τὴν
1697 5487 1942 5555 συνείδη-

362 5589 482 5637 am,
515 5571 737 5625 δύναται
766 5570 1071 5637 ναυαγῆσαι
1110 5574 1204 5623 καὶ
1252 5573 1380 5643 περὶ
1430 5576 1531 5644 τὴν
1594 5577 1798 5631 πίστιν.
1864 5579 1938 5630 Οὐ

362 5660 620 5728 συνορᾷς,
649 5651 694 5710 ὦ
722 5658 1016 5727 θαυμᾶσιε,
1047 5660 1130 5712 ὅτι
1191 5662 1335 5714 κατὰ
1379 5663 1486 5718 τῶν
1527 5665 1941 5737 ἑτεροδιδασκα-

436 5772 456 5801 δ
496 5770 604 5826 Tit.
636 5787 652 5827 ι
691 5771 773 5828 l6.
850 5775 870 5807 ⁸
909 5771 1041 5827 Luc.
1068 5790 1199 5843 xxu,
1229 5777 1333 5833 52]

2121 5202 2437 5260 Secundum
2477 5203 2758 5273 sophisma
2795 5212 2996 5273 quanta
3038 5207 3375 5265 absurditate
3412 5218 3617 5269 scatet!

2050 5297 2255 5352 Scribit
2302 5298 2507 5352 Paulus
2555 5295 2868 5362 Timotheo,
2915 5299 3147 5362 multos,
3205 5303 3419 5370 repulsa
3481 5307 3621 5362 bona

2049 5389 2415 5451 conscientia,
2446 5379 2799 5459 naufragatos
2822 5406 2940 5444 esse
2971 5391 3022 5443 in
3055 5392 3178 5447 ﬁde.
3212 5394 3353 5465 Ergo
3379 5406 3433 5450 et
3461 5415 3618 5468 papa,

2047 5498 2172 5535 cum
2215 5482 2390 5551 possit
2440 5483 2705 5550 repellere
2749 5483 2946 5537 bonam
2997 5486 3410 5548 conscientiam.
3445 5504 3624 5559 potest
3697 5509 3699 5512 ‘

2047 5584 2102 5626 et
2139 5575 2190 5627 in
2222 5574 2326 5628 fide
2357 5576 2703 5644 naufragium
2739 5575 2938 5630 facere.
2979 5577 3169 5630 Nonne
3205 5579 3356 5634 vides
3392 5582 3624 5651 Aposto-

2049 5668 2160 5720 lum
2206 5669 2273 5722 de
2327 5669 2391 5722 iis
2442 5658 2590 5738 loqui
2635 5671 2728 5738 qui
2779 5671 2964 5724 volunt
3009 5673 3353 5742 peregrinam
3405 5677 3620 5733 tradere
