4048 6478
409 419 512 482 757

1706 420 2146 480 REFUTATIO
2187 421 2371 489 NIIJ.

3563 414 3667 470 Ἷῗιξ(

411 536 579 602 λέγει·
615 535 738 598 Πῶς
761 534 869 604 γὰρ
890 533 988 585 οὐκ
1023 533 1275 603 ἔμελλεν,
1337 533 1395 586 ὲν
1500 535 1670 604 πέτρᾳ
1703 534 1798 604 τὴν
1867 536 1989 586 Ἐκ-

2116 535 2146 588 tl
2179 535 2423 589 fat-turns
2450 549 2558 589 nou
2589 543 2722 589 erat
2743 549 2797 585 in
2835 547 2898 587 ea
2927 541 3115 598 petra,
3147 542 3314 592 super
3365 539 3525 593 quam
3554 526 3670 591 ipse

409 626 647 696 κλησίαν
676 625 1078 695 ἐθεμελίωσενς
1119 625 1182 677 El
1211 624 1342 694 γοῦν
1383 627 1418 692 ἡ
1464 627 1616 678 αἰτία
1655 626 1748 678 τοῦ
1801 627 1986 694 ἀπαρ-

412 716 742 786 εγχείρητον
786 712 930 771 εἶναι
961 717 1063 786 τὴν
1095 717 1282 772 πίστιν
1312 717 1544 780 Λέοντος
1596 718 1691 770 τοῦ
1734 718 1988 787 δευτέρου

412 801 598 872 ἐκείνη
623 804 796 866 ἐστὶν,
828 806 966 859 ὅτιὸ
996 806 1216 875 Ῥώμης
1266 805 1454 877 θρόνος
1514 807 1761 877 πέφυκεν
1822 809 1856 877 ἡ
1896 808 1990 860 πέ-

415 913 542 966 τρα,
572 900 630 951 ἐν
721 900 750 950 6
773 898 904 961 Θεὸς
938 899 1036 967 τὴν
1066 899 1405 969 Ἐκκλησίαν
1443 898 1830 969 ἐθεμελίωσεν,
1871 900 1992 962 πῶς

420 991 584 1058 μόνου
610 991 704 1042 τοῦ
732 990 963 1054 Λέοντος
983 992 1083 1062 τὴν
1117 992 1301 1045 πίστιν
1325 993 1542 1045 ἐπαινεῖ
1574 993 1604 1046 6
1632 991 1888 1061 βασιλεὺς
1915 991 1992 1054 ώς

416 1083 926 1151 ἁπαρεγχείρητον;
969 1081 1308 1153 Ἐπεχείρεις
1349 1083 1611 1153 ἀνωτέρω
1656 1083 1718 1136 ὲκ
1751 1083 1850 1152 τῆς
1893 1083 1992 1152 βα-

419 1171 636 1238 σιλικῆς
679 1172 1061 1226 Ἰουστινιανοῦ
1083 1173 1328 1243 Νεαρᾶς.
1366 1173 1544 1226 καίτοι
1577 1171 1798 1241 φαύλως
1852 1171 1995 1225 ὲκεί-

415 1279 515 1330 νην
566 1263 953 1332 ἐξηγούμενος·
981 1261 1126 1316 διατι
1161 1263 1235 1334 μὴ
1273 1263 1366 1316 καὶ
1398 1262 1584 1318 ἐκτῶν
1617 1262 1788 1326 ὅντως
1845 1262 1995 1332 βασι-

375 1398 387 1420 ,
417 1354 586 1409 λικῶν
611 1353 707 1407 τοῦ
752 1353 1097 1422 Πωγωνάτου
1125 1355 1326 1420 λέξεων
1355 1357 1604 1426 ὴρανίσω
1653 1355 1753 1424 τὴν
1818 1357 1994 1426 ἀληθῆ

297 1495 302 1506 ,
355 1495 360 1500 .
421 1448 548 1516 περὶ
597 1447 857 1519 Ὀνωρίου
887 1449 1089 1514 δόξανς
1141 1449 1337 1516 Λὲγεις
1379 1447 1646 1518 Ὀνωρίου
1680 1448 1790 1502 τῶν
1813 1449 1996 1516 ὀρθῶν

419 1539 647 1608 ἐκϐῆναι
677 1539 986 1607 δογμάτων,
1018 1540 1115 1592 καὶ
1148 1539 1240 1593 διὰ
1275 1538 1440 1592 τοῦτο
1471 1540 1626 1609 παρὰ
1678 1539 1776 1608 τῆς
1831 1539 1998 1607 ἕκτης

420 1633 886 1704 ἀποκηρυχθῆναι
937 1634 1185 1688 συνόδου.
1269 1627 1796 1704 ὈτιδὲῚΟνώριος
1850 1631 1998 1686 οὐδο-

419 1723 572 1777 ¹τιοῦν
595 1723 700 1777 τῶν
731 1724 910 1795 ὀρθῶν
935 1725 1227 1796 δογμάτων
1258 1724 1448 1796 ἐξέϐη,
1500 1726 1715 1795 μάρτυς
1783 1726 2001 1794 πρῶτον

425 1820 526 1888 μὲν
551 1821 580 1871 6
605 1817 780 1888 μέγας
809 1818 1154 1890 ὁμολογητὴς
1187 1820 1443 1888 Μάξιμος
1477 1821 1535 1873 ὲν
1571 1821 1638 1891 τῇ
1674 1820 1815 1890 πρὸς
1853 1819 2000 1890 Ι]ύρ-

2098 625 2350 679 {inundavit
2378 625 2729 680 Ecclesium?
2781 622 2836 677 Si
2869 636 3002 688 ergo
3057 634 3223 674 causa
3267 633 3367 673 cur
3400 616 3601 669 Leonis
3630 615 3672 667 ιι

2101 717 2235 770 lides
2292 725 2617 772 conservata
2709 715 2876 769 fuerit
2933 713 3290 780 indepravata
3319 749 3340 773 ,_
3394 709 3484 762 illa
3545 719 3674 768 est.

2097 811 2244 878 quod
2301 810 2547 864 Romana
2603 807 2764 862 sedes
2817 806 2890 860 sit
2942 815 3098 873 petra
3127 817 3294 870 super
3331 815 3495 870 quam
3532 800 3676 854 Deus

2101 902 2347 958 [undavit
2377 901 2702 964 Ecclesiam,
2734 917 2842 970 qua
2891 899 3108 953 ratione
3139 895 3247 950 dici
3281 903 3464 963 potest
3508 896 3679 961 impe-

2100 1004 2249 1051 rator
2307 995 2478 1051 solius
2528 994 2734 1050 Leonis
2781 993 2943 1048 ﬁdem
2984 1000 3046 1046 ut
3102 991 3512 1059 indepra'vatam
3561 989 3680 1041 Ιιιιι⁴

2099 1092 2271 1146 dare?
2302 1091 2583 1161 Arguebas
2603 1101 2659 1147 tu
2690 1105 2851 1160 supra
2880 1104 2945 1144 ex
2993 1081 3349 1158 imperatoris
3378 1084 3680 1140 Justiniani

2101 1182 2339 1248 novella,
2371 1183 2502 1239 licet
2538 1183 2679 1238 male
2718 1184 2870 1237 illam
2917 1182 3226 1252 exeiperes,
3255 1196 3360 1234 cur
3389 1179 3558 1233 etiam
3612 1194 3678 1229 rx

2087 1291 2232 1330 vere
2284 1273 2653 1344 imperatoriis
2702 1276 2968 1345 Pogonati
3017 1273 3204 1328 verbis
3251 1289 3356 1326 non
3410 1271 3680 1339 collegisti

2104 1381 2290 1422 veram
2329 1368 2398 1423 de
2429 1367 2678 1422 Honorio
2722 1365 3102 1420 sententiam?
3129 1363 3247 1426 Ais,
3285 1363 3592 1416 Honorium
3649 1377 3678 1412 τι

2105 1458 2270 1514 rectis
2289 1458 2644 1529 dogmatibus
2685 1458 2975 1513 aberrasse
3001 1465 3063 1508 et
3109 1455 3279 1509 luisse
3331 1464 3622 1523 propterea
3653 1468 3682 1504 ιι

2102 1560 2254 1606 sexta
2275 1552 2485 1623 synodo
2534 1551 2879 1606 damnatum.
2911 1548 3096 1618 Atqui'
3121 1548 3426 1602 Honorium
3459 1561 3488 1598 a
3520 1546 3682 1599 l‘CCIis

2103 1643 2449 1714 dogmatibus
2480 1634 2922 1706 non‘aberrassc,
2960 1641 3114 1695 testis
3141 1650 3225 1695 est
3256 1639 3436 1709 primo
3459 1640 3682 1707 quidem

2104 1735 2342 1791 eximius
2367 1735 2653 1792 confessor
2680 1735 2950 1790 Maximus
2985 1733 3040 1787 in
3076 1734 3305 1801 Dialogo
3321 1747 3445 1785 cum
3475 1731 3682 1804 Pyrrho

2107 1826 2390 1892 lueretico,
2417 1826 2559 1882 sicut
2594 1827 2918 1882 adnotatum
2951 1839 2979 1878 a
3005 1824 3166 1878 nobis
3183 1822 3290 1878 fuit
3321 1823 3542 1878 actione
3563 1838 3678 1885 xui.

423 1912 517 1979 ρον
545 1911 638 1964 τὸν
665 1912 947 1979 αἱρετικὸν
975 1908 1238 1976 διαλέξει,
1273 1910 1419 1963 καθὰ
1452 1908 1518 1980 δὴ
1571 1911 1996 1980 ὲπεσημειωσὰ-

2110 1928 2266 1975 sexus
2292 1919 2487 1990 synodi
2517 1921 2570 1974 in
2600 1919 2848 1974 editione
2876 1918 3128 1973 Romana
3173 1915 3550 1970 Coueiliornm
3581 1931 3680 1985 ge-

425 1999 566 2068 μεθα
598 2002 658 2052 ὲν
682 2003 749 2070 τῇ
784 2007 854 2070 ιγ’
889 2001 1088 2072 πράξει
1127 2001 1225 2070 τῆς
1279 2001 1446 2071 ἕκτης
1487 2000 1732 2054 συνόδου.
1783 2000 1922 2069 Φησὶ
1943 1999 1998 2052 δὲ

422 2091 615 2154 αὐταῖς
641 2092 848 2158 λέξεσιο

402 2221 409 2229 .
501 2201 521 2236 ι
571 2185 825 2252 Πύῤῥος.
875 2186 915 2238 Τ
925 2185 940 2237 ί
971 2185 1116 2255 ἔχεις
1153 2187 1282 2256 περὶ
1339 2185 1598 2256 Ὀνωρίου
1646 2185 1822 2238 εἰπεῖν
1862 2183 2000 2255 πρδς

422 2274 514 2326 τὸν
545 2275 648 2344 πρὸ
676 2273 812 2344 ἐμοῦ
834 2275 1086 2344 φανερῶς
1118 2273 1177 2326 ἓν
1201 2274 1630 2344 δογματίσαντος
1661 2273 1875 2343 θέλημα
1906 2273 2001 2325 τοῦ

427 2364 634 2432 Κυρίου
674 2365 830 2434 ἡμῶν
868 2364 1045 2432 Ἰησοῦ
1083 2364 1362 2436 Χριστοῦ;
1395 2363 1684 2434 Μάξιμος.
1727 2365 1821 2430 Τίς
1861 2364 1999 2430 ἀξιό-

427 2474 616 2520 πιστος
639 2455 908 2528 ἐξηγητὴς
935 2459 1034 2524 τῆς
1051 2459 1306 2524 τοιαύτης
1331 2457 1671 2528 καθέστηκεν
1687 2457 2000 2526 ἑπιστολῆςς

427 2550 455 2599 6
505 2549 710 2618 ταύτην
765 2551 830 2602 ἐκ
903 2549 1199 2617 προσώπου
1261 2548 1525 2618 Ὀνωρίου
1560 2549 1861 2612 συντάξας,
1923 2548 2001 2600 ἔτι

430 2639 636 2709 περιὼν
667 2641 760 2694 καὶ
804 2643 942 2711 μετὰ
985 2641 1096 2695 τῶν
1136 2642 1312 2695 ἄλλων
1355 2641 1526 2695 αὐτοῦ
1557 2643 1739 2694 καλῶν
1769 2642 1862 2695 καὶ
1891 2642 2004 2704 τοῖς

425 2733 524 2802 τῆς
550 2732 832 2795 εὐσεϐείας
863 2733 1097 2803 δόγμασι
1145 2736 1328 2788 πᾶσαν
1372 2734 1471 2805 τὴν
1523 2734 1680 2788 δύσιν
1734 2750 2003 2802 καταφαι-

426 2823 648 2892 δρύνας,
683 2823 715 2893 ἢ
742 2824 792 2874 oi
840 2824 898 2876 ὲν
927 2824 1510 2878 Κωνσταντινουπόλει
1543 2824 1610 2878 τὰ
1638 2826 1746 2879 ἀπὸ
1774 2827 2003 2895 καρδίας
2029 2838 2034 2842 ”

430 2913 722 2978 λαλοῦντες
748 2930 762 2979 ;
797 2915 1049 2982 Πύρῤος.
1077 2914 1138 2967 ’0
1163 2914 1368 2986 ταύτην
1390 2917 1681 2982 συντάξας.
1710 2916 2001 2986 Μάξιμος.

447 3006 504 3058 Ὀ
532 3007 696 3068 αὐτὸς
720 3006 814 3059 οὖν
841 3007 978 3076 πρὸς
1013 3008 1107 3062 τὸν
1146 3008 1300 3077 ἆγιον
1349 3008 1758 3062 Κωνσταντῖνον
1790 3007 1883 3062 τὸν
1911 3025 2004 3076 γε·

429 3100 657 3168 νόμενον
687 3098 916 3169 βασιλέα
962 3099 1028 3152 ὲκ
1075 3099 1369 3170 προσώπου
1404 3099 1568 3154 πάλιν
1605 3100 1856 3154 Ἰωάννου
1907 3100 2003 3154 τοῦ

435 3192 493 3242 ὲν
528 3190 704 3258 ἁγίοις
735 3191 891 3244 πάπα
918 3191 1050 3261 περ)⁸
1076 3193 1174 3263 τῆς
1204 3191 1496 3260 ἐπιστολῆς
1525 3193 1744 3262 ἐκείνης
1774 3193 2006 3263 γράφων

433 3283 560 3347 ἔφη,
594 3283 676 3336 ὅτι
709 3301 728 3335 ι
777 3284 876 3336 Ἐν
929 3283 1143 3354 θέλημα
1176 3284 1388 3355 ἔφημεν
1423 3286 1516 3339 ἐπὶ
1557 3283 1655 3338 τοῦ
1685 3284 1916 3354 Κυρίου,
1946 3283 2008 3337 οὗ
2031 3273 2080 3336 C

433 3376 532 3444 τῆς
557 3373 814 3445 θεότητος
845 3376 1006 3429 αὐτοῦ
1039 3379 1134 3431 καὶ
1162 3379 1256 3446 τῆς
1283 3375 1725 3448 ἁνθρωπότητος,
1749 3375 1886 3430 ἀλλὰ
1911 3376 2010 3446 μό-

435 3483 532 3534 νης
569 3467 667 3534 τῆς
699 3468 1135 3538 ἀνθρωπότητος.
1169 3468 1396 3538 Σεργίου
1435 3469 1544 3542 γὰρ
1575 3466 1909 3538 γράψαντος,
1935 3465 2011 3529 ὥς

434 3578 577 3625 τινες
611 3561 704 3614 δύο
757 3562 1037 3632 θελήματα
1077 3561 1330 3629 λέγουσιν
1379 3563 1476 3621 ἐπὶ
1501 3561 1740 3630 Χριστοῦ
1767 3560 2010 3626 ἐναντία,

435 3652 881 3723 ἀντεγράψαμεν,
918 3654 1000 3707 ὃτι
1030 3657 1058 3708 6
1096 3653 1329 3724 Χριστὸς
1353 3654 1448 3706 δύο
1479 3654 1762 3725 θελήματα
1792 3654 2012 3707 ἐναντία

435 3744 538 3797 οὐκ
580 3739 716 3816 εἶχε,
767 3745 968 3814 σαρκός
1023 3762 1166 3815 φημι
1221 3743 1316 3797 καὶ
1364 3745 1698 3814 πνεύματος,
1730 3743 1805 3807 ὡς
1847 3745 2011 3814 ἡμεῖς

437 3838 635 3910 ἔχομεν
663 3839 802 3908 μετὰ
831 3839 931 3910 τὴν
963 3839 1306 3909 παράϐασιν,
1335 3838 1450 3892 ἀλλ’
1496 3839 1555 3892 ἓν
1605 3839 1768 3909 μόνον
1802 3837 1863 3891 τὸ
1909 3855 2012 3906 φυ·

438 3932 607 3994 σικῶς
665 3929 1068 4001 χαρακτηρίζον
1131 3931 1229 4000 τὴν
1286 3927 1451 3985 αὑτοῦ
1519 3929 1921 4000 ἁνθρωπότητα
1986 3946 2006 3981 ι

439 4025 550 4077 Καὶ
596 4024 792 4077 τούτου
839 4022 1116 4088 ἀπόδειξις
1171 4023 1406 4094 ἐναργὴς
1455 4024 1515 4078 τὸ
1548 4025 1643 4076 καὶ
1696 4024 1875 4092 μελῶν
1918 4024 2014 4078 καὶ

440 4118 644 4188 σαρκὸς
680 4116 1004 4188 μνησθῆναι,
1038 4117 1185 4188 ἅπερ
1220 4116 1313 4170 καὶ
1362 4117 1454 4168 ἐπὶ
1484 4116 1582 4187 τῆς
1627 4115 1882 4188 θεότητος
1913 4117 2011 4182 αύ-

345 4285 348 4287 ,
438 4211 534 4263 τοῦ
562 4211 750 4264 ἐκεῖνα
778 4210 1053 4278 ληφθῆναι
1085 4210 1145 4261 ού
1180 4210 1476 4279 συγχωρεῖ.
1504 4225 1523 4259 ι
1743 4281 1750 4286 ν

514 4303 702 4356 Ταῦτα
745 4301 964 4372 γράψας
1018 4303 1124 4372 πρὸ
1170 4303 1272 4372 τῆς
1323 4302 1489 4372 ἕκτης
1527 4302 1748 4355 συνόδου
1777 4304 1805 4355 6
1841 4303 2012 4372 μέγας

439 4395 593 4462 οὗτος
629 4398 840 4468 Πατὴρ,
863 4398 959 4450 καὶ
985 4396 1336 4468 ἑρμηνεύσας
1380 4395 1442 4450 τὸ
1471 4395 1674 4466 ἀληθὲς
1706 4394 1804 4449 τοῦ
1849 4397 2014 4449 Ὀνω-

441 4497 559 4566 ρίου
587 4491 867 4562 φρόνημα,
904 4491 1019 4562 ἔχει
1051 4493 1148 4544 καὶ
1180 4489 1277 4551 τὰς
1311 4489 1477 4543 αὐτοῦ
1524 4488 1737 4542 ἐκείνου
1790 4488 2014 4541 ἐπιστο-

2109 2014 2400 2069 ueralium.
2445 2013 2619 2069 Verba
2648 2015 2769 2085 ejus
2798 2013 2914 2068 hau:
2941 2022 3072 2068 sunt
3097 2028 3111 2063 :

2183 2209 2203 2243 ι
2263 2190 2520 2262 Pyrrhus.
2550 2192 2693 2259 Quid
2727 2193 2895 2250 habes
2929 2193 2998 2248 de
3048 2193 3289 2248 Honorio
3325 2190 3548 2255 dicere,
3583 2191 3681 2259 qui

2111 2286 2175 2340 ad
2209 2286 2668 2356 pra-.tlecessorem
2697 2301 2876 2339 meum
2917 2285 3170 2341 scribens
3201 2325 3214 2346 ,
3249 2300 3414 2338 unam
3469 2283 3681 2338 Domini

2110 2379 2281 2433 nostri
2299 2377 2426 2434 Jesu
2446 2377 2652 2432 Christi
2674 2379 3011 2432 voluntatem
3044 2387 3234 2447 aperte
3254 2375 3644 2445 dogmatizavit
3661 2375 3685 2425 ’ἶ

2115 2470 2401 2525 Maximus.
2450 2471 2589 2536 Quis
2649 2471 2753 2525 [ide
2800 2471 3001 2542 dignus
3053 2472 3327 2540 interpres
3373 2471 3479 2522 erit
3540 2468 3685 2520 illius

2109 2564 2352 2632 epistolae
2372 2563 2396 2616 ?
2416 2563 2510 2633 qui
2541 2578 2660 2618 eam
2699 2579 2767 2619 ex
2815 2578 3054 2633 persona
3086 2562 3311 2616 llonorii
3353 2561 3685 2628 composuit.

2109 2665 2302 2725 estque
2360 2656 2543 2712 adhuc
2577 2667 2908 2726 superstes,
2959 2657 3104 2711 inter
3129 2656 3235 2710 alia
3270 2671 3367 2710 sua
3400 2654 3541 2708 bona
3583 2651 3688 2706 hoc

2110 2748 2275 2804 etiam
2303 2749 2657 2818 conspicuus,
2689 2751 2835 2818 quod
2896 2749 3118 2818 pietatis
3165 2747 3515 2816 dogmatibus
3567 2746 3688 2799 uui-

2110 2855 2332 2895 versum
2361 2840 2658 2895 illustravit
2705 2839 3084 2904 Occidentem,
3121 2856 3190 2893 an
3217 2839 3687 2906 Constantinopo-

2110 2933 2285 2999 litani,
2313 2949 2435 3003 qua:
2483 2933 2591 2988 sibi
2639 2941 2772 2988 sunt
2815 2931 2968 2988 cordi
3014 2931 3344 3002 loquentes?
3393 2924 3686 3000 Ρῃννζριιί

2110 3039 2231 3080 eam
2269 3025 2601 3094 composuit.
2650 3023 2806 3077 Max.
2839 3023 2937 3078 ille
2983 3020 3126 3076 idem
3161 3021 3332 3093 igitur
3376 3022 3444 3076 ad
3498 3021 3686 3075 divum

2110 3114 2528 3171 Constantinum
2579 3114 2858 3185 quondam
2904 3115 3296 3183 imperatorem
3346 3127 3567 3166 rursum
3618 3127 3687 3166 ex

2112 3221 2347 3277 persona
2375 3208 2552 3262 sancti
2588 3221 2740 3277 papa:
2768 3206 3024 3270 Joannis,
3054 3205 3124 3260 de
3154 3204 3387 3272 epistola
3427 3204 3514 3256 illa
3547 3204 3678 3258 scri-

2113 3297 2249 3352 bens
2277 3296 2393 3352 ait:
2443 3315 2462 3348 t
2499 3295 2674 3351 Unam
2701 3296 2944 3350 diximus
2970 3296 3310 3350 voluntatem
3342 3297 3397 3348 in
3431 3294 3684 3355 Domino.

2113 3405 2222 3444 non
2257 3388 2569 3444 divinitatis
2605 3389 2726 3460 ejus
2758 3398 2815 3443 et
2850 3388 3232 3449 humanitatis,
3260 3387 3356 3442 sed
3382 3387 3556 3443 solius
3587 3389 3687 3440 hu-

2114 3481 2415 3537 manitatis.
2442 3479 2581 3538 Cum
2614 3481 2763 3538 enim
2792 3481 3106 3552 scripsisset
3135 3480 3383 3550 Sergius,
3417 3479 3689 3533 allirmare

2113 3575 2380 3646 quosdam
2437 3575 2494 3628 in
2529 3574 2754 3630 Christo
2798 3574 2937 3629 duas
2988 3572 3296 3630 contrarias
3352 3573 3687 3637 voluntates,

2113 3665 2500 3736 rescripsimus
2527 3663 2807 3721 Christum
2840 3680 2950 3720 non
2992 3666 3250 3720 habuisse
3282 3666 3420 3720 duas
3468 3674 3691 3720 contra-

2114 3758 2224 3811 rias
2256 3755 2591 3820 voluntates,
2623 3753 2832 3818 carnis,
2861 3753 3108 3822 inquam,
3137 3764 3192 3807 et
3220 3752 3468 3822 spiritus,
3504 3763 3564 3808 ut
3592 3768 3690 3806 nos

2114 3847 2379 3903 habemus
2413 3856 2538 3916 post
2570 3842 3060 3916 transgressionem
3114 3844 3210 3900 sed
3247 3860 3409 3898 unam
3453 3855 3688 3907 tantum,

2113 3955 2234 4009 qua:
2293 3938 2624 3993 naturaliter
2665 3936 2996 3992 humanitati
3043 3937 3163 4006 ejus
3195 3945 3323 3990 nota
3379 3935 3693 3991 essentialis

2114 4039 2220 4084 est.
2248 4048 2279 4084 ,ι
2314 4029 2369 4085 Id
2417 4030 2492 4085 ita
2524 4045 2643 4085 esse
2678 4029 2968 4084 evidenter
3023 4043 3093 4082 ex
3139 4040 3206 4082 eo
3259 4025 3688 4091 demonstratum,

2114 4125 2259 4192 quod
2293 4122 2666 4177 membrorum
2693 4131 2750 4175 et
2785 4107 2973 4175 carnis
3011 4119 3153 4174 facta
3191 4127 3276 4174 est
3308 4119 3536 4182 mentio,
3569 4134 3693 4187 qun:

2115 4215 2387 4271 divinitati
2419 4204 2790 4286 quoque-ejus
2820 4229 2932 4268 non
2974 4222 3208 4283 possunt
3231 4211 3486 4266 attribui.
3523 4231 3542 4263 ι

2188 4307 2312 4362 Ηιιιο
2350 4318 2478 4362 ante
2503 4317 2710 4363 sextam
2769 4305 3038 4376 synodum
3065 4305 3290 4374 scripsit
3340 4320 3570 4376 magnus
3604 4304 3695 4359 hic

2118 4400 2301 4465 Pater,
2336 4409 2394 4455 et
2421 4399 2667 4469 exposita
2716 4414 2841 4454 vera
2885 4397 3110 4452 llonorii
3137 4398 3462 4462 .sentcntia,
3527 4397 3695 4452 habet

2116 4493 2280 4546 etiam
2337 4490 2510 4561 ipsius
2547 4491 2808 4560 epistolas
2855 4492 2913 4545 in
2941 4500 3093 4545 sexta
3145 4489 3357 4561 synodo
3414 4491 3695 4560 expositas

440 4585 556 4649 λὰς,
587 4584 686 4646 τὰς
718 4583 1101 4656 ὲμφερομένας
1138 4585 1206 4653 τῇ
1247 4582 1384 4654 ἕκτῃ
1416 4581 1642 4651 συνόδῳ,
1670 4580 1768 4650 τὴν
1795 4577 2007 4650 ὀρθοδο-

2119 4593 2224 4638 act.
2259 4599 2334 4636 xu
2360 4591 2411 4638 ct
2441 4599 2560 4647 xm,
2586 4583 2949 4638 orthodoxam
2999 4581 3284 4652 scriptoris
3314 4580 3477 4637 ﬁdem
3517 4582 3693 4636 mani-

440 4678 559 4742 ξιον
597 4677 693 4730 τοῦ
725 4676 1037 4747 γράψαντος
1073 4675 1392 4744 σαφέστατα
1424 4675 1835 4744 μαρτυρούσας.

517 4788 536 4822 ι
593 4769 819 4839 Ἐπειδὴ
851 4768 960 4838 γὰρ
1012 4768 1063 4821 οἱ
1101 4768 1200 4837 τῆς
1250 4764 1904 4829 Κωνσταντινουπόλεως,
1940 4764 2014 4828 ὥς

440 4881 609 4933 φησιν
638 4865 669 4917 6
705 4863 869 4926 αὐτὸς
901 4863 1058 4928 ἅγιος
1085 4860 1333 4929 Μάξιμος
1367 4863 1426 4913 ὲν
1475 4862 1539 4930 τῇ
1585 4857 1724 4925 πρὸς
1773 4858 2015 4934 Μαρῖνον

439 4955 724 5025 ἐπιστολῇ,
756 4954 864 5007 τῶν
895 4952 1195 5006 συνοδικῶν
1223 4951 1317 5006 τοῦ
1363 4952 1520 5007 πὰπα
1549 4953 1606 5004 ὲν
1637 4951 1792 5004 δυσὶν
1818 4949 2015 5004 ἐπελά-

438 5048 617 5112 Gauro,
663 5044 740 5115 τῷ
796 5045 896 5113 μὲν
936 5043 1060 5114 περὶ
1109 5045 1412 5112 θεολογίας,
1446 5045 1529 5097 ὄτι
1577 5039 1732 5096 εἶπεν
1766 5043 1796 5095 6
1828 5042 2015 5103 πάπας

374 5127 376 5130 ’
440 5136 843 5208 ἐκπορεύεσθαι
871 5137 979 5190 κάκ
1011 5135 1107 5188 τοῦ
1141 5136 1271 5188 Υἱοῦ
1298 5137 1358 5190 τὸ
1389 5134 1612 5206 Πνεῦμα
1644 5134 1702 5186 τὸ
1734 5136 1908 5202 ἆγιον·
1940 5130 2038 5214 σιῷΙ

439 5231 495 5284 δὲ
531 5229 659 5298 περὶ
692 5229 794 5298 τῆς
845 5229 994 5292 θείας
1048 5229 1404 5299 σαρκώσεως,
1448 5230 1529 5280 ὅτι
1579 5227 2014 5298 περιγέγραφεν,

441 5324 533 5374 τὸν
569 5321 770 5393 Κύριον
800 5316 943 5374 εἶναι
987 5320 1110 5390 δίχα
1150 5321 1248 5389 τῆς
1285 5321 1704 5389 προπατορικῆς
1738 5317 2015 5388 ἁμαρτίας

440 5415 517 5476 ib;
567 5413 898 5483 ἄνθρωπον·
943 5412 1206 5482 Ὀνώριος
1257 5412 1313 5464 δὲ
1363 5410 1538 5463 ταῦτα
1591 5409 1766 5476 εἰδὼς,
1796 5410 1888 5462 ἵνα
1920 5407 2017 5477 τὴν

442 5506 854 5576 προπατορικὴν
905 5504 1180 5575 ἁμαρτίαν
1213 5504 1514 5574 ἀποκλείσῃ
1544 5502 1638 5572 τῆς
1670 5502 1820 5566 θείας
1863 5505 2018 5556 ἔναν-

443 5599 804 5669 ορωπήσεως,
858 5599 938 5660 εἰς
973 5598 1549 5650 Κωνσταντινούπο).ιν
1601 5596 1829 5663 γράφων
1883 5596 2018 5664 φησὶ

441 5693 580 5762 πρὸς
604 5695 666 5744 τὸ
689 5692 934 5762 ζήτημαο
973 5711 1014 5742 ι·
1039 5691 1204 5744 Ὅθεν
1235 5693 1328 5742 καὶ
1368 5689 1425 5742 ἓν
1476 5690 1692 5759 θέλημα
1721 5689 2016 5760 ὁμολογοῦ-

447 5801 548 5852 μεν
579 5784 674 5836 τοῦ
711 5785 916 5853 Κυρίου
961 5783 1140 5855 Ἰηαοῦ
1190 5782 1452 5853 Χριστοῦ,
1500 5783 1688 5852 ἐπειδὴ
1733 5782 2015 5853 προδήλω;

448 5875 678 5946 ὑπὸτῆς
710 5876 960 5947 θεᾶτητος
989 5877 1347 5948 προςελῄφθη
1379 5878 1409 5947 ἡ
1439 5875 1680 5947 ἠμειέρα
1709 5875 1893 5944 φύςις,
1921 5876 2018 5946 οὐχ

898 6137 924 6159 κ

2121 4675 2415 4731 festissime
2450 4684 2792 4729 atlestantes.

2193 4787 2211 4819 ι
2247 4767 2381 4820 Nam
2410 4767 2539 4837 quia
2565 4768 3181 4837 Constaqtinopolitani,
3213 4779 3273 4839 ut
3301 4766 3444 4821 idem
3471 4777 3706 4821 sanctus.

2119 4859 2386 4923 Maximus
2417 4859 2494 4914 ait
2527 4860 2580 4913 in
2604 4861 2835 4930 epistola
2870 4861 2939 4914 ad
2981 4860 3276 4926 Marinum,
3319 4860 3696 4928 duo-qumdam

2119 4953 2514 5010 adnotaverant
2551 4955 2604 5008 in
2639 4955 2922 5024 syttodieis
2952 4969 3106 5024 papa:
3135 4972 3149 5009 :
3189 4971 3356 5009 unutn
3407 4955 3474 5008 ad
3507 4954 3695 5009 divina
3771 4979 3784 4992 ο

2073 5097 2084 5103 -
2119 5054 2398 5113 spectans,
2417 5047 2567 5116 quod
2593 5062 2730 5116 papa
2763 5047 3030 5111 dixisset,
3058 5049 3226 5104 etiam
3257 5065 3286 5102 a
3319 5048 3454 5102 Filio
3504 5063 3698 5116 proce-

2119 5137 2250 5192 dere
2283 5137 2555 5208 Spiritum
2591 5149 2882 5203 sanctum;
2915 5139 3150 5193 alterum
3185 5138 3255 5193 de
3289 5138 3692 5198 incarnatione,
3785 5146 3796 5158 ‘

2122 5231 2266 5300 quod
2296 5232 2610 5300 scripsisset
2643 5247 2808 5300 papa,
2841 5232 3131 5287 Dominum
3174 5241 3232 5285 ut
3260 5231 3539 5285 hominem
3571 5246 3694 5285 esse

2122 5325 2332 5393 absque
2365 5324 2614 5394 originali
2651 5333 2874 5393 peccato
2894 5365 2908 5390 ,
2959 5323 3234 5378 Honorius
3263 5324 3378 5376 lucc
3399 5323 3599 5387 sciens,
3634 5333 3694 5376 ut

2123 5417 2339 5486 eulpam
2387 5415 2708 5486 originalem
2741 5415 3063 5470 excluderet
3097 5415 3165 5469 ab
3195 5413 3576 5468 incarnatione
3613 5414 3696 5467 di-

2124 5508 2833 5577 vina,ConstantinOpolim
2879 5507 3073 5576 Sergio
3105 5507 3354 5574 scribens
3391 5505 3456 5558 ad
3496 5507 3694 5574 quaesi-

2127 5611 2238 5656 tum
2296 5602 2418 5655 ait:
2476 5620 2494 5652 ι
2532 5600 2688 5656 Unde
2733 5610 2787 5654 et
2828 5604 3010 5653 ‘unam
3068 5599 3404 5652 voluntatem
3461 5599 3698 5652 fatemur

2127 5693 2340 5747 Domini
2392 5694 2559 5746 nostri
2594 5673 2995 5750 Jesu‘Christi,
3042 5689 3170 5758 quia
3207 5690 3453 5757 profecto
3484 5705 3513 5743 a
3555 5689 3697 5743 divi-

2128 5787 2300 5840 nitate
2353 5793 2630 5851 assumpta
2679 5794 2763 5837 cst
2817 5793 3004 5836 nostra
3039 5790 3269 5844 natura,
3302 5788 3406 5834 bon
3437 5780 3596 5848 culpa
3643 5781 3696 5835 in

2129 5878 2238 5934 illa.
2284 5897 2300 5930 ι
2349 5877 2403 5931 Si
2434 5875 2917 5932 Monothrlitarutn
2951 5873 3137 5928 lueresi
3191 5872 3489 5928 laborasset
3521 5871 3704 5926 lienu-
