4048 6464
502 267 606 358 δότ

1668 295 2035 361 ΜΑΤΤΠ.ΙΞῙ
2082 293 2617 355 CARYOPIIYLLI

3646 295 3735 361 803
3753 346 3761 351 .

502 413 683 467 tiones
750 407 997 482 synodus
1057 408 1434 481 approbabat;
1497 414 1891 482 procacitatem
1952 428 2084 467 vero

2201 412 2288 464 >ὑκ
2319 413 2658 480 ἐπετιμᾶτο”
2695 409 2934 479 ἐπετίμα
2984 406 3138 461 Λέων
3186 408 3243 460 ὲν
3275 409 3338 478 τῇ
3382 407 3421 462 δ’
3466 409 3734 480 Διοσκόρῳ,
3774 421 3789 437 '

500 502 757 559 Dioscori
808 501 1077 558 adversus
1121 518 1318 573 papam
1365 518 1491 557 cum
1541 505 1775 558 horrore
1820 503 2087 576 detestata

502 604 608 651 est.
637 597 853 666 Agatho
879 610 1018 665 papa
1047 595 1103 649 in
1135 605 1288 651 sexta
1316 596 1529 667 synodo
1552 595 1832 651 scribebat
1870 603 2092 666 aposto-

504 687 646 743 licos
692 703 827 744 suos
877 686 1316 757 prmdeccssores
1360 688 1791 752 commonuisse,
1847 703 2089 759 rogasse,

507 775 828 847 increpasse
861 776 1176 833 Orientales
1220 788 1281 833 ut
1321 790 1676 834 curarentur.
1718 778 1785 833 Et
1816 779 2092 834 Adrianus

505 885 647 941 papa
700 871 754 924 in
805 872 1040 941 septima
1084 871 1374 928 Tarasium
1416 871 2091 942 Constantinopolitanum

508 961 858 1027 increpabat.
909 962 1058 1031 quod
1116 977 1184 1017 ex
1236 962 1378 1017 laico
1435 962 1631 1018 ordine
1690 962 2094 1032 patriarchatus

506 1053 727 1107 culmen
776 1062 923 1108 esset
970 1052 1225 1123 adeptus,
1259 1063 1313 1109 et
1351 1054 1752 1110 inscriberetur
1790 1055 2097 1110 meumeni~

506 1158 629 1198 cus.
677 1143 759 1197 Tu
811 1160 942 1199 vero
987 1128 1369 1217 evangelicum
1416 1147 1688 1217 pervertis
1726 1144 2003 1210 ordinem,
2041 1155 2097 1201 et

505 1251 703 1306 papam
735 1254 843 1292 non
872 1238 1149 1308 increpari
1184 1240 1347 1293 modo
1374 1240 1481 1305 vis,
1509 1240 1605 1295 sed
1634 1241 1801 1295 etiam
1825 1239 2094 1312 judicari;

505 1339 556 1382 et
596 1330 904 1385 Honorium
956 1331 1227 1396 inculcas,
1270 1347 1435 1402 quem
1476 1331 1815 1404 judicaverit
1860 1340 1917 1387 et
1965 1347 2097 1388 con-

506 1422 853 1477 demnaverlt
890 1432 1043 1480 sexta
1085 1421 1333 1494 synodus
1362 1425 1527 1478 etiam
1565 1434 1690 1495 post
1724 1433 1980 1479 mortem.
2026 1424 2097 1503 Et

507 1530 673 1570 vocas
723 1523 891 1571 sextae
933 1514 1132 1609 synodi
1171 1530 1334 1588 opus,
1370 1516 1518 1586 quod
1558 1516 1823 1587 Acephali
1864 1525 2097 1587 egerunt

505 1605 842 1662 Orientales.
873 1605 989 1661 Nec
1019 1608 1193 1672 vides,
1229 1609 1372 1662 haud
1406 1608 1616 1679 primos
1644 1608 1751 1664 hoc
1780 1623 1944 1664 ausos
1973 1623 2096 1664 esse

505 1698 700 1753 Patres
730 1707 899 1753 sextae
925 1698 1143 1771 synodi.
1167 1699 1246 1755 lta
1278 1700 1426 1754 enim
1458 1700 1651 1755 Patres
1677 1699 1939 1756 secunda:
1969 1716 2094 1769 syn-

2196 501 2298 554 καὶ
2344 501 2445 564 τὰς
2493 501 2850 572 ἐπιτιμήσεις
2906 497 3181 569 ἐπεκύρου
3234 499 3267 568 ἡ
3314 498 3543 563 σύνοδος.
3575 499 3663 569 τὴν
3688 502 3736 555 δὲ

2196 592 2496 662 Διοσκόρου
2546 592 2755 662 τόλμαν
2802 590 2945 644 κατὰ
2982 590 3078 644 τοῦ
3132 591 3336 644 πάππα
3388 592 3522 659 μετὰ
3554 588 3738 663 φρίκης

2196 685 2669 755 ἀπεσκοράκισεν.
2732 684 2984 752 Ἀγάθων
3028 686 3056 737 6
3112 682 3348 744 πάππας
3406 685 3463 736 ἐν
3514 686 3576 754 τῇ
3624 686 3738 756 ἕκτῃ

2196 777 2351 846 ἔλεγε
2386 778 2514 841 τοὺς
2580 778 2686 848 πρὸ
2725 778 2892 832 αὑτοῦ
2943 778 3220 847 ἀρχιερεῖς
3246 776 3347 846 τῆς
3386 777 3590 846 Ῥώμης
3625 778 3741 831 ὐπο-

2202 856 2428 938 μνῆσαί,
2449 869 2747 938 ἐρωτῆσαι.
2770 869 3101 937 ἐπιτιμῆσαι
3125 869 3239 930 τοῖς
3267 866 3594 931 ἀνατολικοϊς
3618 867 3740 921 ὥστε

2198 960 2629 1031 θεραπευθῆναι.
2664 959 3100 1031 Καὶ,Ἀδριανδς
3143 961 3171 1013 6
3219 958 3450 1021 παππας
3495 961 3550 1012 ὲν
3596 962 3654 1030 τῇ
3702 961 3741 1023 ζ’

2197 1054 2437 1123 ἐπετίμα
2495 1053 2760 1123 Ταρασίῳ
2834 1053 2913 1122 τῷ
2965 1051 3627 1115 Κωνσταντινουπόλειυς,
3670 1053 3741 1104 δτι

2198 1148 2262 1199 ὲκ
2300 1146 2495 1217 λαῖκῆς
2541 1144 2750 1208 τάξεως
2785 1145 3237 1215 ἐκεχειροτόνητο
3279 1144 3630 1216 πατριάρχης,
3663 1146 3743 1196 καί

2198 1239 2579 1307 οίκουμενικὸς
2616 1236 2990 1307 ἐπεφημίζετο
3024 1237 3246 1300 ἀδίκως.
3280 1236 3353 1289 Σὺ
3391 1236 3445 1289 δὲ
3475 1237 3570 1306 τὴν
3601 1236 3740 1301 εύαγ-

2198 1330 2425 1400 γελικὴν
2455 1330 2789 1400 ἀνατρέπεις
2820 1312 3019 1396 τάξιν,
3061 1331 3161 1382 καϊ
3220 1330 3398 1398 βούλει
3448 1329 3533 1382 τὸν
3576 1328 3744 1381 πὰπαν

2199 1421 2300 1475 οὐκ
2351 1422 2717 1492 ἐπιτιμᾶσθαι
2766 1421 2951 1493 μόνον,
2996 1421 3136 1475 ἀλλὰ
3183 1424 3279 1475 καὶ
3324 1420 3617 1492 κρίνεσθαι.
3649 1421 3743 1473 Καὶ

2199 1497 2528 1579 ἀνακυκλείς
2557 1516 2648 1569 τὸν
2692 1513 2978 1585 Ὀνὼριον,
3004 1514 3081 1578 ὡς
3110 1514 3370 1588 κριθέντα
3397 1515 3489 1567 καὶ
3512 1530 3745 1582 κατακρι-

2201 1603 2364 1659 θέντα
2398 1607 2492 1658 καὶ
2543 1605 2681 1677 μετὰ
2712 1604 2946 1659 θάνατον
2987 1606 3141 1678 παρὰ
3168 1607 3265 1676 τῆς
3305 1612 3359 1670 ς’
3391 1605 3619 1658 συνόδου.
3651 1605 3744 1656 Καὶ

2198 1696 2226 1750 δ
2263 1699 2416 1767 μόνοι
2460 1698 2707 1769 ἔπραξαν
2758 1700 3053 1769 ἀκεφάλως
3107 1700 3156 1753 oi
3204 1700 3537 1765 ἀνατολικοί,
3585 1699 3744 1760 καλεῖς

506 1789 598 1844 odi
634 1790 1044 1845 clandestinum
1088 1794 1433 1862 scripserant
1478 1808 1749 1849 canonem
1779 1794 1848 1849 de
1881 1795 2095 1850 honore

2201 1791 2363 1859 ἔργον
2413 1792 2513 1863 τῆς
2557 1790 2610 1857 ς’
2657 1794 2903 1848 συνόδου.
2934 1795 3048 1848 Καὶ.
3099 1795 3199 1865 οὐχ
3249 1796 3382 1865 ὁρᾷς
3429 1798 3501 1865 μὴ
3534 1795 3745 1866 πρώτοις

502 1883 1101 1955 Constantinopolitaui
1138 1888 1260 1942 sine
1295 1903 1471 1959 papa;
1523 1887 1598 1942 ita
1637 1899 1848 1959 quartae
1898 1891 2091 1961 synodi

502 1978 734 2040 Patres,
792 1988 854 2032 ut
909 1990 1228 2036 enarratum
1282 1990 1405 2045 est;
1466 1980 1541 2035 ita
1592 1982 1693 2036 soli
1743 1983 2092 2052 postmodum

500 2068 814 2126 Orientales
863 2072 1138 2127 celebrata
1193 2073 1405 2145 synodo
1449 2075 1763 2145 quinisexta
1810 2074 2094 2131 schismati

504 2163 746 2219 radicem
791 2180 1048 2235 posuere.
1093 2165 1149 2220 In
1195 2181 1431 2232 summa,
1475 2168 1745 2239 quidquid
1786 2168 2096 2224 Orientales

504 2256 560 2311 in
592 2257 847 2312 conciliis
873 2267 1106 2329 egerunt
1137 2260 1279 2314 clam
1310 2276 1472 2331 papa,
1502 2277 1611 2315 non
1640 2263 1814 2317 sacris
1843 2249 2096 2318 conciliis

504 2348 803 2403 tribuenda
834 2359 988 2418 sunt,
1017 2349 1112 2405 sed
1145 2351 1463 2407 artiﬁciosis
1488 2354 1853 2425 quorumdam
1885 2354 2096 2407 machi-

503 2440 803 2496 namentis.
861 2440 1044 2507 Quare
1099 2442 1336 2497 multum
1388 2443 1751 2513 conqueritur
1795 2444 1907 2500 Leo
1958 2461 2093 2515 rapa

505 2532 561 2586 in
594 2541 793 2601 quarta
827 2533 1063 2604 synodo.
1095 2533 1373 2589 Judicavit
1403 2543 1460 2589 et
1490 2535 1883 2591 condemnavit
1914 2536 2122 2593 lio:;o-.

506 2625 649 2677 rium
683 2624 824 2678 livor
855 2638 1049 2677 eorum
1093 2624 1188 2694 qui
1224 2623 1374 2679 dicta
1406 2625 1554 2679 illius
1586 2627 1726 2680 mala
1771 2627 2093 2696 interpreta-

504 2712 657 2767 tione
698 2722 1056 2781 exccperunt,
1101 2723 1155 2768 et
1204 2714 1576 2783 loquebantur
1615 2731 1737 2785 qua:
1780 2714 1885 2769 sibi
1938 2716 2093 2770 cordi

502 2811 687 2868 erant,
726 2812 785 2857 ut
829 2803 905 2856 ait
955 2812 1188 2859 sanctus
1236 2803 1510 2859 Maximus
1558 2803 1613 2858 in
1665 2804 1882 2876 dialogo
1927 2822 2091 2875 quem

503 2910 670 2964 supra
739 2895 1053 2951 citavimus.
1120 2896 1239 2951 Non
1311 2897 1567 2954 ferebant
1627 2896 1776 2952 enim
1855 2909 2094 2967 quatuor

502 2977 1150 3061 Constantinopolitanos
1218 2992 1563 3062 patriarchas
1636 2991 2090 3046 anathematizari
2162 3010 2163 3017 η

506 3091 569 3138 ιιι
609 3083 899 3139 Ιιαιτοιίεοε
945 3083 1370 3151 Monotbelitas,
1416 3093 1473 3139 et
1521 3099 1633 3140 non
1686 3083 1855 3139 inseri
1904 3084 2086 3138 Hono-

505 3175 651 3233 rium
694 3175 1028 3235 Bomanum.
1596 3221 1627 3231 -

585 3470 742 3536 Quod
776 3486 907 3526 vero
928 3471 997 3526 de
1034 3470 1285 3527 moribus
1306 3472 1420 3540 ais,
1442 3488 1662 3545 papam,
1693 3490 1821 3531 cum
1854 3478 1927 3532 sit
1985 3479 2099 3549 epi-

512 3580 736 3633 scopus,
784 3564 1013 3619 subesse
1065 3564 1280 3621 cunctis
1338 3565 1555 3637 legibus
1612 3568 1814 3637 quibus
1854 3570 2133 3645 subjacct_

510 3656 692 3711 omnis
722 3655 1036 3727 episcopus,
1076 3658 1181 3713 hoc
1199 3657 1359 3728 plane
1378 3667 1465 3717 est
1481 3659 1731 3717 doctrina
1761 3671 1851 3718 tua
1876 3679 1984 3717 non
2018 3665 2102 3716 in-

506 3749 757 3820 dignum.
798 3746 958 3804 Certe
988 3763 1272 3818 nunquam
1312 3749 1521 3807 dixeris
1553 3752 1921 3822 patriarcham
1957 3753 2099 3808 Con~

504 3840 1053 3911 stantinopolitanum
1085 3841 1249 3897 subdi
1291 3842 1506 3914 legibus
1535 3842 1950 3900 hierarcharum
1992 3845 2099 3900 sibi

503 3933 878 4003 subjectorum
901 3932 1045 3989 inter
1073 3948 1216 4004 quos
1247 3933 1338 3989 ille
1392 3934 1603 4003 primus
1622 3944 1709 3991 est
1742 3944 1801 3990 ut
1824 3936 2025 3998 unitas,
2045 3947 2102 3991 et

507 4042 616 4081 non
638 4028 783 4082 sicut
805 4028 1180 4092 eoordinatus,
1205 4034 1268 4082 ut
1294 4035 1349 4081 tu
1371 4026 1533 4082 dicis.
1549 4026 1840 4091 Quomodo
1859 4029 2004 4083 enim
2031 4028 2102 4082 sit

506 4134 616 4176 non
635 4120 993 4176 eoordinatns
1009 4129 1063 4175 et
1080 4120 1472 4176 subordinatus
1491 4119 1594 4174 ?At
1610 4136 1741 4175 vero
1757 4135 1952 4191 papam
1973 4135 2103 4177 wu-

507 4211 614 4265 ctis
640 4212 866 4266 subesse
895 4209 1151 4280 legibus,
1179 4209 1386 4280 quibus
1419 4219 1476 4264 ct
1505 4209 1740 4281 quilibet
1786 4211 2098 4281 episcopus,

505 4301 728 4370 egregie
750 4300 1055 4355 admodum
1089 4302 1458 4370 pronuntias;
1500 4310 1557 4355 et
1596 4301 1641 4355 si
1674 4300 1865 4355 subest
1888 4302 2101 4357 cunctis

507 4394 745 4462 h-gibus,
767 4392 971 4463 quibus
988 4401 1045 4448 et
1069 4394 1251 4448 omnis
1276 4393 1571 4464 episcopus
1597 4436 1611 4459 ,
1636 4395 1741 4448 erit
1766 4411 1865 4465 per
1889 4406 1936 4450 tc
1962 4411 2099 4466 papa

2202 1882 2365 1937 τοῦτο
2392 1885 2504 1947 τοῖς
2539 1887 2681 1940 κατὰ
2709 1888 2809 1956 τὴν
2854 1892 2910 1951 ς’
2943 1887 3165 1941 σύνοδον
3196 1889 3557 1958 τετολμῆσθαι
3579 1906 3591 1920 ·
3622 1886 3746 1939 οὕτω

2204 1976 2334 2048 περὶ
2404 1977 2499 2033 τοῦ
2576 1980 3209 2044 Κωνσταντινουπόλεως
3274 1980 3505 2054 κρύφιον
3573 1983 3745 2034 κανόνα

2205 2070 2448 2136 ἐξέθεντο
2486 2074 2535 2126 οί
2582 2074 2682 2143 τῆς
2717 2073 2763 2143 β’
2814 2073 3034 2128 συνόδου
3080 2073 3205 2147 δίχα
3256 2076 3357 2143 τῆς
3398 2075 3635 2140 ἔξουσίας
3669 2072 3745 2128 τοῦ

2205 2165 2440 2219 πάππαο
2474 2165 2648 2230 οὕτως
2702 2166 2752 2219 ei
2779 2166 2877 2236 τῆς
2912 2166 2952 2219 δ’
3009 2166 3086 2230 ὡς
3133 2169 3355 2238 εἴρηται
3377 2182 3394 2198 ⁸
3422 2166 3587 2230 οὕτως
3617 2167 3747 2236 μόνοι

2202 2258 2300 2327 τὴν
2343 2258 2650 2331 πενθέκτην
2680 2260 2820 2329 μετὰ
2874 2260 3048 2314 ταῦτα
3096 2261 3161 2315 οί,
3199 2261 3509 2315 ἀνατολικοὶ
3541 2277 3747 2331 συγκρο-

2203 2354 2470 2423 τήσαντες
2500 2354 2561 2408 τὸ
2602 2356 2812 2425 σχίσμα
2863 2354 3173 2427 ὲρῤίξωσαν
3205 2373 3219 2388 ⁸
3261 2358 3359 2412 καὶ
3409 2357 3540 2422 ὅλως
3584 2360 3675 2412 ὃσα
3705 2357 3746 2409 ei

2204 2444 2521 2500 ιΞινὰτολικολ⁵
2550 2449 2609 2502 ἐν
2646 2451 2764 2511 ταῖς
2820 2448 3061 2514 συνόδοις
3130 2450 3319 2522 κρύφα
3360 2452 3455 2505 τοῦ
3488 2452 3632 2505 πάπα
3661 2468 3745 2503 πε-

2204 2538 2496 2608 πράκασιν,
2565 2541 2665 2610 οὐχ
2724 2540 2915 2604 ἁπλῶς
2994 2542 3351 2613 ἀπονεμητέα
3417 2545 3533 2606 ταῖς
3592 2543 3747 2611 ἁγίαις

2205 2632 2469 2697 συνόδοις,
2489 2631 2628 2684 ἀλλὰ
2656 2636 2774 2696 ταῖς
2798 2649 2965 2686 τινων
2994 2634 3263 2704 ὲντέχνοις
3314 2637 3743 2706 μηχανουργίαις·

2202 2724 2329 2793 περὶ
2374 2723 2434 2777 οὗ
2468 2724 2697 2783 πλείστα
2732 2726 3010 2796 μέμφεται
3057 2728 3116 2778 ἐν
3158 2730 3224 2798 τῇ
3264 2718 3315 2780 δί
3348 2728 3544 2798 συνόδῳ
3573 2728 3748 2780 Λέωνό

2204 2818 2412 2878 πάπας.
2459 2816 2742 2887 Ἐκρινεν,
2809 2812 2854 2872 ὦ
2910 2820 3179 2888 βέλτιστε,
3218 2824 3316 2874 καὶ
3350 2822 3639 2892 κατέκρινε
3672 2819 3746 2870 τὸν

2214 2906 2476 2979 Ὀνώριον
2518 2911 2550 2979 ὴ
2588 2902 2859 2979 βασκανία
2908 2911 3016 2967 τῶν
3057 2916 3631 2984 παρερμηνευσάντων
3668 2914 3747 2971 τὰς

2201 3001 2413 3054 ἐκείνου
2470 3002 2667 3067 λέξεις,
2702 3003 2793 3055 καὶ
2838 3003 3147 3060 λαλούντων
3180 3008 3247 3059 τὰ
3305 3008 3413 3061 ἀπὸ
3466 2997 3748 3077 καρδίας,ᾖ

2203 3111 2373 3162 φησιν
2420 3095 2449 3148 6
2503 3096 2674 3167 μέγας
2709 3097 2963 3168 Μάξιμος
2988 3114 3003 3129 ο
3039 3100 3100 3152 ού
3157 3099 3268 3170 γὰρ
3318 3100 3478 3171 ἔφερε
3509 3100 3748 3168 τέσσαρας

2202 3188 2838 3254 Κωνσταντινουπόλεως
2877 3193 3226 3264 πατριάρχας
3274 3178 3747 3265 ἀναθεματισθῆναι

2202 3281 2276 3344 ὡς
2324 3282 2710 3353 Μονοθελήτας
2762 3285 3098 3354 αἱρετικοὺς,
3154 3287 3250 3340 καὶ
3308 3287 3385 3361 μὴ
3434 3289 3747 3359 ἐγκεντρίσαι

2202 3371 2293 3423 τὸν
2334 3371 2551 3444 Ῥώμης
2591 3373 2870 3445 Ὀνώριον.

2277 3458 2414 3531 Περὶ
2449 3459 2506 3513 δὲ
2535 3463 2633 3532 τῆς
2665 3463 2833 3534 ἄλλης
2865 3463 3138 3531 πολιτείας
3164 3467 3191 3520 ὃ
3219 3470 3351 3542 φῂς,
3372 3472 3453 3525 ὅτι
3485 3471 3746 3531 ἐπίσκοπος

2203 3550 2279 3605 ὢν
2311 3554 2339 3605 6
2370 3556 2559 3618 πάπας
2611 3557 2859 3629 ἐνέχεται
2920 3562 3013 3614 καὶ
3053 3561 3214 3626 αὐτὸς
3253 3566 3389 3618 πᾶσι
3421 3568 3529 3629 τοῖς
3564 3566 3745 3634 νόμοις,

2203 3640 2285 3708 οἷς
2320 3645 2611 3701 ὑπόκειται
2666 3650 2899 3717 ἕκαστος
2952 3655 3064 3708 τῶν
3111 3657 3452 3729 ἐπισκόπων,
3482 3660 3628 3713 τοῦτο
3666 3660 3747 3728 τῆς

2206 3739 2306 3807 σῆς
2336 3738 2489 3806 ἄξιον
2522 3741 2894 3809 διδασκαλίας.
2930 3748 3038 3801 Καὶ
3073 3749 3165 3803 τὸν
3195 3750 3299 3816 μὲν
3337 3754 3748 3809 Κωνσταντινςυι

2205 3828 2415 3893 πόλεως
2452 3832 2802 3906 πατριάρχην
2826 3838 2933 3890 οὐκ
2962 3838 3027 3892 ἄν
3068 3856 3198 3893 ποτε
3254 3846 3423 3917 φαίης
3461 3846 3746 3899 ὑποκεῖσθαι

2202 3924 2314 3985 τοῖς
2348 3923 2536 3996 νόμοις
2563 3926 2670 3979 τῶν
2706 3927 2798 3981 ὑπ’
2830 3931 2995 3984 αὑτὸν
3027 3933 3323 4008 ίεραρχῶν,
3368 3936 3443 3995 ὧν
3476 3945 3584 3996 ἐστι
3616 3942 3746 4013 πρῶσ

2203 4032 2293 4077 τος
2323 4016 2400 4078 ὼς
2451 4018 2644 4087 μονὰς,
2675 4021 2770 4074 καὶ
2819 4022 2893 4086 ὡς
2933 4027 3007 4095 μὴ
3041 4035 3496 4103 συντεταγμένος,
3530 4036 3661 4109 καθὰ
3694 4038 3747 4089 σὺ

2204 4110 2565 4180 λέγειςοπῶς
2627 4115 2735 4187 γὰρ
2792 4119 2858 4172 ἂν
2918 4121 3001 4192 εἴη
3056 4124 3130 4193 μὴ
3187 4136 3618 4202 συντεταγμένος
3670 4132 3749 4184 καὶ

2205 4204 2688 4276 ὑποτεταγμένοςς
2720 4209 2812 4264 τὸν
2861 4212 2920 4265 δὲ
2986 4216 3175 4270 πάπαν
3222 4222 3372 4290 μάλα
3406 4224 3611 4294 σεμνῶς
3638 4227 3750 4277 ἀπο-

2204 4298 2371 4369 φαίνῃ
2425 4303 2592 4354 πᾶσιν
2643 4304 2965 4373 ὑποκεῖσθαι
3018 4311 3130 4372 τοῖς
3174 4310 3388 4383 νόμοις,
3421 4312 3501 4380 οἷς
3544 4319 3630 4383 καξι
3660 4319 3749 4370 τῶν

2205 4391 2521 4447 ἐπισκόπων
2562 4394 2818 4461 ἕκαστος.
2850 4397 2913 4451 Ei
2945 4398 3002 4452 δὲ
3050 4397 3131 4464 οἷς
3182 4407 3279 4459 καὶ
3312 4409 3420 4460 τῶν
3465 4412 3750 4464 ἐπισκόπων

506 4487 630 4556 ejus
673 4486 912 4550 ordinis,
957 4486 1116 4557 cujus
1144 4497 1202 4542 et
1246 4488 1492 4558 episcopi
1545 4490 1875 4559 sullraganei
1922 4491 2097 4545 (λινδε-

2204 4484 2458 4554 έκαστος,
2500 4487 2598 4557 τῆς
2653 4489 2825 4561 αὐτῆς
2886 4499 3029 4548 κατὰ
3078 4494 3136 4547 σὲ
3167 4498 3373 4565 τάξεως
3411 4503 3437 4554 6
3470 4502 3662 4569 πάπγ,
3695 4499 3750 4574 ἧς

508 4578 744 4631 reensis.
768 4576 835 4632 At
855 4577 958 4632 hoc
980 4576 1186 4642 dicere,
1207 4579 1338 4649 quid
1362 4589 1448 4635 est
1466 4580 1612 4637 aliud
1633 4597 1795 4652 quam
1820 4580 2100 4636 insanire?

510 4668 618 4722 Sed
660 4668 707 4722 si
739 4682 926 4722 verum
977 4678 1066 4724 est
1104 4671 1284 4726 multo
1318 4672 1489 4743 magis
1525 4672 2099 4744 Constantinopolita-

509 4773 640 4811 nnm
664 4758 892 4814 subesse
910 4774 1064 4830 papa:
1087 4775 1254 4831 quam
1282 4762 1356 4816 illi
1388 4761 1642 4818 subditos
1666 4762 2019 4835 hierarehas;
2043 4775 2099 4819 et

505 4850 1155 4923 (Iitxistantinopolitanus
1177 4869 1289 4911 non
1309 4854 1603 4925 subjicitur
1630 4855 1847 4927 legibus
1869 4871 2095 4910 suorum

509 4943 933 5013 episcoporum;
964 4944 1211 5015 profecto
1241 4961 1344 5001 nec
1371 4962 1511 5015 papa
1554 4946 1852 5014 subjicitur
1882 4945 2097 5016 legibus

506 5038 755 5092 υιιιιιὶιιιη
796 5038 1179 5107 episcoporum
1207 5054 1221 5102 ;
1249 5053 1421 5107 quare
1448 5052 1549 5092 nec
1572 5034 1785 5108 legibus
1816 5038 2097 5108 subjectus

507 5140 594 5184 cst
625 5131 829 5197 quibus
876 5132 1069 5186 subest
1117 5130 1354 5200 quilibet
1403 5132 1809 5202 episcoporum,
1845 5130 2093 5199 quando-

508 5223 734 5292 quidem
791 5223 1028 5294 quilibet
1057 5222 1445 5295 episcoporum
1497 5221 1686 5278 subest
1717 5223 2092 5291 apostolorum

503 5324 563 5370 et
596 5314 815 5369 Patrum
844 5315 1059 5384 legibus
1086 5334 1099 5379 ;
1134 5330 1273 5384 papa
1306 5328 1435 5367 vero
1467 5328 1590 5368 cum
1621 5322 1901 5383 pastorum
1926 5328 2092 5385 caput

2204 4578 2300 4631 καὶ
2348 4580 2397 4632 οί
2435 4581 2538 4634 ὑπὸ
2573 4582 2664 4635 τὸν
2703 4585 3042 4658 Καισαρείας
3084 4590 3403 4649 ἐπίσκοποι.
3438 4596 3503 4649 Τί
3550 4598 3591 4650 δ’
3640 4597 3752 4650 ἆὶλο

2203 4671 2361 4725 τοῦτο
2499 4675 2666 4743 μανία
2724 4678 2939 4750 suum;
2997 4681 3054 4734 Εί
3102 4684 3282 4738 τοίνυν
3341 4688 3553 4755 ἀληθὲς,
3598 4686 3751 4754 πολλῷ

2204 4764 2408 4835 μᾶλλον
2476 4767 2798 4823 ὑποκεῖσθαι
2870 4772 2963 4824 τὸν
3019 4775 3642 4842 Κωνσταντινουπὸλεως
3686 4779 3750 4844 τί)

2201 4858 2455 4929 πάπα,ἧ
2514 4861 2711 4933 ἐκείνῳ
2760 4865 2889 4929 τοὺς
2940 4866 3033 4918 ὑπ’
3080 4869 3243 4923 αὑτὸν
3306 4872 3600 4944 ἱεράρχα;’
3664 4874 3748 4923 ο’κ

2199 4952 2444 5022 ἐνέχεται
2474 4952 2529 5006 δὲ
2556 4956 2583 5008 6
2615 4955 3249 5026 Κωνσταντινουπόλεως
3277 4967 3390 5027 τοῖς
3424 4966 3532 5017 τῶν
3560 4964 3750 5017 οἰκείων

2199 5045 2520 5099 ἐπισκόπων
2591 5046 2800 5118 νόμοις,
2864 5050 2977 5103 οὐδ’
3034 5052 3061 5104 6
3118 5030 3306 5119 πάπας
3369 5056 3476 5126 ἄρα
3528 5057 3748 5126 ἐνέχεται

2195 5139 2311 5199 τοῖς
2358 5136 2468 5191 τῶν
2515 5139 2834 5211 ἁπανταχοῦ
2882 5141 3204 5199 ἐπισκόπων
3251 5149 3478 5218 νὸμςιςθ
3512 5149 3627 5202 ὅθεν
3658 5144 3749 5199 οὐδ’

2197 5227 2461 5299 ἐνέχεται,
2498 5227 2580 5294 οἷς
2608 5231 2703 5286 καὶ
2758 5234 2993 5299 ἕκαστος
3039 5236 3150 5290 τῶν
3187 5228 3542 5305 ὲπισκόπιον,
3584 5236 3748 5306 ἐπειδὴ

2194 5321 2304 5375 τῶν
2355 5325 2672 5379 ἐπισκόπων
2713 5328 2949 5393 ἕκαστος
2991 5333 3085 5383 καὶ
3137 5313 3268 5396 τοῖς⁹
3299 5335 3410 5388 τῶν
3460 5335 3748 5389 ἀποστόλων

507 5409 597 5469 sit,
624 5407 788 5463 nullis
830 5415 1111 5477 pastorum
1160 5407 1373 5476 legibus
1404 5409 1629 5475 subest;
1663 5407 1909 5479 alioquin
1948 5426 2088 5479 quo-

2201 5417 2289 5468 καὶ
2318 5416 2429 5478 τοῖς
2452 5416 2560 5471 τῶν
2580 5417 2843 5489 Πατέρων
2871 5420 3160 5477 ὑπόκειται
3183 5425 3392 5494 νόμοις
3437 5429 3464 5480 6
3502 5427 3554 5480 δὲ
3581 5429 3746 5485 πάπις

504 5500 667 5553 modo
701 5499 844 5554 dicta
893 5509 947 5555 ct
973 5500 1259 5556 sententia:
1286 5498 1620 5569 synodorum
1652 5506 1717 5557 de
1770 5508 2085 5573 papa’con-

504 5586 702 5644 sistent
724 5589 747 5643 ἲ

578 5769 794 5828 Asseris
820 5773 1043 5844 deinde,
1094 5793 1287 5849 papam
1327 5779 1499 5835 videri
1550 5780 1833 5850 speciatim
1887 5797 2079 5853 repre-

2195 5505 2271 5568 ὼς
2316 5511 2695 5582 ποιμενάρχης
2752 5513 2962 5567 οὐδέσιν
3029 5516 3319 5571 ὑπόκειται
3371 5519 3636 5588 ποιμένων
3674 5514 3747 5567 νό-

2193 5617 2336 5667 μοις,
2361 5600 2523 5669 είπερ
2563 5603 2782 5674 ἀληθεῖς
2808 5609 2862 5658 αἱ
2890 5609 2997 5660 τῶν
3028 5610 3265 5665 συνόδων
3299 5612 3596 5681 ἀποφάσεις
3627 5608 3739 5678 περὶ

2190 5690 2285 5742 τοῦ
2318 5693 2495 5759 παπα,
2527 5693 2593 5758 5t;
2627 5697 3080 5769 προηνέγκαμεν.

2262 5780 2393 5839 Εἶτα
2420 5787 2511 5843 καὶ
2547 5787 2655 5859 ἰδίᾳ
2686 5791 3096 5863 ἐπιτιμώμενον
3148 5794 3438 5864 φαίνεσθαι
3467 5794 3634 5863 λέγεις
3660 5788 3737 5842 τδν
