4048 6470
446 368 552 432 815

1608 360 1980 424 ΜΑΤΤΙΙᾹΞΙ
2019 364 2550 425 ΕΛΗΥΟΙἫΥΙᾸᾸ

3588 369 3687 434 8ιῦ

398 547 401 556 ι
448 485 791 556 interpositis
824 483 1187 538 refocil-latum
1226 481 1414 546 fuerit,
1457 480 1616 536 facile
1665 482 1870 536 delicit.
1917 481 2023 535 Neu

2141 499 2251 535 οαιν
2281 481 2569 551 ἀναψυχὴν
2597 480 2916 546 ἀναγκαίως
2951 479 3363 550 ἐπιζητοῦντος.
3396 484 3499 537 Καὶ
3531 487 3677 539 οὖδας

443 593 551 648 que
583 589 817 646 usquam
846 573 1076 628 canonis
1127 572 1409 642 apostolici
1468 571 1717 626 meminit
1783 571 1851 625 de
1895 570 2029 626 Sab—

403 655 407 661 “
455 673 602 727 bato.
629 669 808 734 Quare
840 667 1073 722 duorum
1104 667 1336 720 alterum
1378 663 1626 720 dicamus
1656 678 1881 718 necesse
1908 675 2023 719 est:

405 751 414 822 ί
448 765 532 817 vel
570 763 705 816 tales
736 769 1032 829 tantosque
1063 757 1212 812 viros
1239 755 1518 812 laborasse
1547 755 1876 824 ignorantia,
1903 769 2026 809 cum

452 866 630 908 tamen
657 851 998 921 antiquiores
1060 847 1286 914 iuerint,
1330 854 1385 902 et
1415 847 1646 918 proinde
1683 845 2030 916 antiquitatis

453 945 622 1014 magis
672 943 856 1013 periti,
917 941 1002 997 vel
1059 941 1430 1010 quinisextam
1471 938 1738 1003 synodum
1790 953 1912 1007 qua:
1963 936 2030 991 dc

449 1032 687 1088 Sabbato
726 1047 994 1087 canonem
1037 1030 1232 1094 edidit,
1269 1039 1324 1085 et
1381 1040 1610 1084 caeteros
1639 1043 1900 1093 canones,
1935 1041 2031 1096 per

448 1142 590 1195 quos
611 1142 741 1182 ausa
766 1135 852 1180 est
905 1125 1161 1180 Ecclesiae
1194 1123 1454 1178 Romana:
1501 1136 1708 1192 ponere
1736 1120 1903 1190 leges,
1956 1120 2028 1174 nil

450 1219 598 1274 aliud
628 1218 805 1289 egisse
835 1234 998 1288 quam
1033 1215 1196 1270 novis
1217 1217 1384 1270 rebus
1400 1214 1700 1280 studuisse,
1721 1223 1778 1268 et
1803 1213 2031 1268 exordio

449 1301 788 1367 scliisntafis.
843 1312 946 1366 Per
981 1311 1118 1364 tales
1157 1324 1288 1364 vero
1353 1323 1593 1362 canones
1637 1307 2030 1377 reprehensum

452 1407 598 1461 velle
656 1420 874 1474 papam,
901 1413 958 1459 et
1016 1403 1332 1474 liujusmodi
1362 1401 1669 1457 canonibus
1716 1416 1840 1456 esse
1875 1402 2030 1456 illum

449 1498 781 1567 subjectum,
813 1506 900 1551 est
939 1495 1042 1551 sibi
1083 1495 1379 1558 assentari,
1415 1503 1471 1548 et
1502 1494 1654 1548 virus
1687 1493 1797 1547 odii
1833 1503 2031 1547 contra

451 1607 644 1662 papam
676 1605 953 1646 evomere.
995 1589 1185 1658 itaque
1219 1589 1265 1642 si
1299 1603 1492 1658 papam
1517 1588 1640 1656 jure
1687 1586 1875 1641 divino
1912 1601 2034 1640 esse

450 1684 734 1738 custodem
773 1691 828 1738 et
852 1678 1123 1736 medicum
1185 1681 1468 1744 Ecclesiae,
1506 1679 1786 1748 totiusque
1831 1693 2030 1747 corpo—

453 1777 529 1830 ris
556 1776 804 1842 oculum,
839 1775 981 1830 idem
1013 1783 1098 1828 est
1159 1773 1530 1842 metaphorice
1582 1772 1728 1840 quod
1789 1786 1908 1826 esse
1938 1788 2034 1842 gu-

454 1870 801 1922 bernatorem
836 1877 893 1922 et
937 1875 1212 1936 pastorem
1245 1883 1259 1928 ;
1299 1877 1356 1920 et
1403 1875 1590 1936 pastor
1621 1882 1727 1919 non
1765 1867 2030 1934 pascitur,

451 1943 582 2028 er°go
607 1974 784 2028 neque
819 1958 985 2028 judex
1008 1957 1308 2027 judicatur.
1344 1955 1408 2010 Et
1437 1957 1481 2010 si
1507 1955 1698 2025 judex,
1745 1970 1855 2009 non
1904 1954 2037 2008 ideo

455 2063 736 2120 tyrannus,
753 2053 880 2120 quia
900 2050 1316 2120 nonjndicatur,
1343 2056 1548 2103 temere
1577 2061 1770 2117 papam
1795 2056 2026 2116 tyranno

452 2145 744 2208 assimilas,
770 2144 863 2212 qui
886 2144 1050 2213 judex
1081 2158 1111 2196 a
1146 2142 1256 2196 Deo
1285 2141 1642 2206 constitutus,
1693 2155 1723 2192 a
1754 2139 1866 2194 Deo
1889 2154 2030 2208 quo-

451 2252 561 2308 que
593 2237 758 2292 habet
789 2248 848 2292 ut
875 2252 982 2292 non
1013 2235 1314 2306 judicctur.

955 2534 1161 2592 NiLUS
1186 2534 1339 2606 (Cap.
1370 2533 1536 2606 XIV).

526 2651 683 2718 Quod
726 2666 857 2706 vero
889 2665 1025 2721 papa
1059 2650 1279 2720 majoris
1336 2665 1446 2704 non
1497 2648 1804 2705 sitordinis
1867 2665 2030 2720 quam

455 2746 809 2818 episcopalis,
877 2755 1093 2799 constat
1159 2759 1226 2798 ex
1276 2744 1468 2808 dictis;
1553 2744 1832 2814 quomodo
1886 2744 2034 2798 enim

457 2840 834 2909 corrigeretur
860 2837 928 2891 ab
981 2837 1340 2891 inferioribus
1367 2837 1392 2889 ’ἶ
1421 2845 1476 2891 et
1523 2837 1712 2893 Patres
1738 2838 1890 2892 illum
1921 2836 2034 2893 Ro-

458 2945 561 2984 m'e
601 2929 922 3000 episcopum
979 2935 1203 2992 vocant,
1260 2933 1313 2982 et
1345 2928 1412 2982 ab
1437 2926 1712 2998 episcopis
1740 2944 2032 2985 consecra-

459 3034 572 3079 tur.
622 3022 826 3078 Beatus
851 3036 1071 3091 quoquc
1111 3020 1422 3090 Dionysius,
1475 3021 1568 3089 qui
1637 3020 1740 3074 fuit
1790 3030 2036 3091 tempore

463 3114 858 3186 apostolorum,
968 3110 1158 3164 divisit
1261 3109 1630 3163 liierarchiam
1704 3113 2036 3166 ecclesiasti-

2137 574 2238 642 μοῡ
2292 575 2570 644 μέμνηται
2619 575 2849 636 κανόνος
2897 574 3263 627 ἀποστολικοῦ
3299 577 3691 646 διαγορεύοντος

2133 664 2262 735 περὶ
2317 664 2412 716 τοῦ
2472 665 2782 717 Σαϐϐάτου.
2829 664 2994 718 Ὥστε
3047 665 3192 718 δυοῖν
3259 665 3483 737 θάτερον
3534 671 3693 723 εἰπεῖν

2131 758 2452 824 ἀναγκαῖον,
2503 757 2536 826 ἢ
2590 756 2883 818 τοσούτους
2944 761 3035 810 καὶ
3093 758 3450 826 τηλικούτους
3513 762 3692 830 ἄνδρας

2132 847 2518 917 πεπλανῆσθαι
2553 848 2647 900 ὑπ’
2678 847 2945 916 ἀμαθίας,
2982 849 3275 904 καὶταῦτα
3311 851 3691 920 ἀρχαιοτέρους

2132 941 2312 1005 ὂντας,
2361 941 2455 992 καὶ
2507 939 2598 992 διὰ
2629 939 2791 991 τοῦτο
2834 941 2900 992 τὰ
2948 941 3048 1008 τῆς
3081 930 3460 1011 ,ἀρχαιότητος
3513 944 3695 1011 μᾶλλον

2134 1030 2340 1091 εἰδότας
2364 1044 2376 1058 ·
2405 1031 2437 1099 ἦ
2467 1031 2592 1093 τοὺς
2621 1030 2722 1101 τῆς
2751 1029 3056 1101 πενθέκτης
3087 1033 3310 1085 συνόδου
3341 1033 3690 1095 ἐκδεδωκότας

2133 1123 2224 1175 τὸν
2264 1123 2466 1176 κανόνα
2515 1125 2644 1193 περὶ
2688 1121 2782 1174 τοῦ
2831 1121 3136 1189 Σαϐὅάτου,
3175 1126 3269 1177 καὶ
3313 1125 3445 1188 τοὺς
3490 1125 3696 1188 λοιποὺς

2133 1219 2389 1283 κανόνας,
2439 1217 2494 1267 ἐν
2529 1210 2612 1278 οἷς
2639 1215 3016 1284 τετολμήκασι
3049 1217 3152 1286 τὴν
3197 1215 3517 1288 Ῥωμαϊκὴν
3545 1236 3695 1271 κάνοι·

2132 1310 2280 1363 νισαι
2323 1309 2681 1377 Ἐκκλησίαν,
2713 1308 2867 1360 οὐδὲν
2922 1307 3055 1362 ἄλλο
3101 1311 3449 1380 πεπραχέναι
3494 1311 3526 1382 ἦ
3579 1329 3697 1365 νεω-

2132 1403 2429 1473 τερισμοὺς
2478 1403 2575 1456 καὶ
2620 1404 2943 1472 σχισμάτων
3003 1403 3291 1472 προοίμια.
3330 1404 3600 1469 Τοιούτοις
3649 1407 3699 1457 δὲ

2135 1498 2324 1550 κανόσι
2401 1496 2585 1562 λέγειν
2657 1495 3019 1564 ἐπιτιμᾶσθαι
3083 1497 3180 1549 καὶ
3249 1497 3568 1550 ὑποκεῖσθαι
3618 1499 3699 1550 τὸν

2135 1589 2368 1641 πάππαν
2400 1589 2455 1640 τί
2501 1587 2649 1649 ἄλλο,
2684 1587 2718 1657 ἦ
2748 1589 2814 1638 τά
2837 1587 3096 1640 δοκοῦντα
3124 1588 3321 1654 λέγειν,
3361 1591 3455 1642 καὶ
3481 1592 3540 1642 τὸ
3567 1594 3691 1640 κατὰ

2135 1681 2228 1734 τοῦ
2276 1683 2477 1733 πάππα
2520 1682 2675 1745 μῖσος
2724 1680 3090 1748 ἐρεύγεσθαι;
3124 1678 3265 1732 ὥστε
3296 1681 3457 1750 εἰπερ
3496 1682 3553 1733 τὸ
3579 1675 3702 1733 εἶναι

2139 1771 2270 1840 θείῳ
2312 1772 2506 1840 δικαίῳ
2555 1771 2775 1838 φύλακα
2820 1774 2913 1823 τὸν
2954 1772 3208 1835 πάππαν,
3245 1772 3344 1824 καὶ
3399 1773 3575 1840 ἰατρὸν
3612 1775 3701 1840 τῆς

2151 1866 2503 1935 Ἐκκλησίας,
2538 1865 2636 1917 καὶ
2684 1863 2967 1933 ὀφθαλμὸν
3007 1863 3101 1916 τοῦ
3141 1863 3268 1916 ὅλου
3309 1865 3580 1933 σώματος,
3617 1882 3702 1932 με·

2141 1956 2457 2025 ταφορικῶς
2507 1957 2804 2025 λεγόμενον
2853 1957 3053 2008 ταυτόν
3102 1957 3220 2007 ἐστι
3255 1956 3318 2008 τὸ
3353 1954 3490 2009 εἶναι
3525 1956 3704 2023 κυϐερ-

2142 2051 2314 2119 νήτην
2365 2051 2458 2101 καὶ
2511 2053 2746 2118 ποιμένα
2771 2067 2793 2088 >
2820 2049 2917 2101 καὶ
2949 2051 2977 2101 ὁ
3024 2048 3229 2118 ποιμὴν
3256 2049 3319 2100 οὐ
3356 2049 3548 2117 ποιμαί
3580 2067 3703 2112 erat,

2143 2141 2252 2210 ἄρα
2283 2141 2376 2192 καὶ
2407 2143 2434 2190 ό
2466 2141 2660 2209 κριτὴς
2691 2141 2750 2192 οὐ
2783 2141 3071 2207 κρίνεται”
3101 2141 3194 2192 καὶ
3230 2140 3394 2210 εἴπερ
3427 2143 3482 2194 οὐ
3520 2144 3703 2210 τύραν-

2145 2250 2233 2294 νος
2289 2236 2316 2285 ὁ
2380 2231 2572 2302 κριτὴς
2633 2231 2724 2284 διὰ
2784 2231 2843 2283 τὸ
2902 2234 2977 2302 μὴ
3029 2233 3341 2302 κρίνεσθαι,
3405 2234 3708 2304 παραλόγως

2146 2325 2398 2395 τυράννῳ
2446 2323 2694 2387 εἰκάζεις
2737 2324 2828 2375 τὸν
2881 2325 3140 2389 πάππαν,
3169 2323 3229 2386 ὃς
3277 2326 3470 2377 θεόθεν
3501 2327 3628 2394 ἔχων
3656 2327 3710 2376 τὸ

2147 2418 2378 2487 κρίνειν,
2412 2416 2623 2469 ἐκεῖθεν
2650 2417 2765 2486 ἔχει
2796 2420 2892 2469 καί
2924 2416 2985 2470 τὸ
3019 2417 3095 2487 μὴ
3128 2416 3435 2486 κρίνεσθαι.

2807 2532 3082 2588 ΝΕΙΛΟΣ.

2226 2668 2243 2700 ι
2291 2649 2413 2702 Ὅτι
2446 2648 2502 2701 δὲ
2540 2650 2636 2702 καὶ
2677 2649 2925 2715 μείζονος
2960 2649 3164 2716 τάξεως
3218 2650 3250 2719 ἣ
3290 2653 3413 2703 κατ’
3441 2652 3709 2704 ἐπίσκοπον

2145 2741 2247 2794 οὐκ
2291 2741 2408 2793 ἔστι
2454 2743 2513 2795 τὸ
2553 2742 2676 2794 κατ’
2705 2741 2894 2799 αίιτδν.
2925 2743 3087 2811 δῆλον
3119 2744 3218 2812 μὲν
3245 2747 3341 2795 καὶ
3371 2744 3428 2809 ἐξ
3463 2738 3537 2797 ὧν
3571 2746 3705 2813 εἴρη-

2121 2830 2236 2885 ’ται
2259 2847 2272 2862 ·
2314 2831 2434 2895 πῶς
2464 2833 2574 2902 γάρ
2606 2833 2759 2903 παρά
2783 2833 2894 2885 τῶν
2942 2835 3160 2887 ἔλαττον
3209 2836 3444 2906 ἐχόντων
3475 2837 3709 2889 εὐθύνετο

2149 2925 2250 2985 civ:
2306 2924 2402 2977 καὶ
2449 2925 2753 2978 ἐπίσκοπον
2798 2925 2855 2979 δὲ
2911 2925 3128 2996 Ῥώμης
3179 2928 3342 2982 αὑτὸν
3390 2931 3440 2981 οἱ
3493 2929 3708 2998 Πατέρες

2105 3034 2107 3038 ·
2150 3017 2402 3084 καλοῦσι,
2435 3020 2529 3071 καὶ
2570 3020 2700 3088 παρ’
2753 3019 3073 3072 ἐπισκόπων
3123 3024 3532 3091 χειροτονεῖται.
3581 3021 3635 3073 Ὀ
3661 3021 3709 3072 δὲ

2153 3114 2425 3181 μακάριος
2460 3112 2738 3175 Διονύσιος
2795 3114 2887 3164 ἐπὶ
2940 3115 3048 3165 τῶν
3102 3115 3425 3170 ἀποστόλων
3469 3114 3708 3184 γεγονὼς,

461 3221 582 3260 eam
647 3207 700 3260 in
752 3205 1036 3258 ministros
1117 3202 1432 3256 sacerdoms
1476 3212 1531 3256 et
1564 3203 1889 3273 episcopos;
1948 3221 2036 3259 nec

2155 3203 2232 3263 είς
2291 3202 2649 3271 λειτουργοὺς
2701 3206 2794 3257 καὶ
2849 3206 3031 3275 ἱερέας
3091 3209 3184 3259 καὶ
3248 3208 3578 3271 ἐπισκόπους
3626 3209 3712 3275 τὴν

459 3301 586 3354 licet
634 3314 701 3354 ex
763 3297 948 3352 verbis
1019 3295 1138 3364 ejus
1185 3293 1509 3364 dignitatem
1572 3294 1868 3364 episcopali
1927 3312 2044 3351 ma-

453 3394 629 3462 jorem
696 3391 1036 3460 excogitare.
1108 3407 1125 3437 ι

995 3589 1486 3652 -ΟΟΝΗᾸΤΑΤΙΟ,

533 3705 650 3762 Hoc
702 3705 770 3761 ad
793 3705 1040 3762 umbram
1069 3722 1312 3776 pugnare
1369 3718 1471 3764 est.
1524 3709 1656 3776 Quis
1713 3711 1861 3766 enim
1907 3711 2046 3766 dixit

467 3816 732 3868 unquam,
767 3816 960 3869 papam
993 3801 1216 3870 majoris
1239 3816 1360 3856 esse
1391 3801 1604 3857 ordinis
1635 3818 1798 3871 quam
1833 3806 2046 3874 cpisco-

464 3895 600 3964 palis
625 3894 741 3948 ?An
770 3909 901 3948 vero
940 3909 1036 3964 per
1065 3904 1114 3949 tc
1149 3894 1791 3966 Coustantinopolitanus
1824 3899 2046 3969 majoris

462 3998 546 4042 est
575 3987 784 4042 ordinis
813 4003 974 4057 quam
1001 3989 1370 4057 episcopalis?
1399 3991 1480 4042 An
1514 4005 1640 4044 vero
1677 4006 1772 4059 per
1817 4001 1866 4046 te
1900 3992 2044 4046 Con-

464 4082 982 4148 stantinopolitanus
1014 4081 1240 4150 majoris
1285 4082 1581 4137 estordinis
1626 4099 1789 4154 quam
1832 4081 2044 4153 episeo-

467 4176 604 4242 palis
632 4175 652 4228 2
679 4174 733 4229 Si
761 4190 896 4244 ergo
920 4174 1024 4238 ille,
1058 4191 1184 4229 cum
1213 4175 1283 4229 sit
1305 4176 1617 4245 episcopus,
1651 4176 1815 4230 liabet
1864 4186 2043 4230 tamen

462 4269 566 4322 sub
585 4282 644 4322 se
665 4267 1002 4331 liierarchas,
1033 4283 1138 4336 qua
1163 4268 1374 4322 ratione
1402 4283 1572 4336 papae,
1600 4283 1726 4322 cum
1746 4269 2047 4338 sitepisco-

463 4377 587 4430 pus,
635 4360 926 4429 primatum
964 4361 1116 4413 illum
1177 4375 1366 4428 negas,
1410 4360 1674 4430 cujusilli
1721 4371 1887 4415 testes
1915 4371 2044 4414 sunt

462 4463 632 4503 sacrae
688 4449 925 4516 synodi?
951 4449 1085 4504 Cum
1123 4449 1278 4501 tertia
1313 4449 1558 4518 synodus
1609 4459 1885 4514 ageretur,
1930 4451 2041 4504 Ro-

465 4555 660 4594 manus
706 4541 998 4609 epise0pus
1040 4553 1160 4592 erat
1199 4539 1556 4604 lecstinus,

466 4632 793 4695 xandrinus,
826 4631 1068 4685 Joannes
1091 4632 1488 4684 Antioclienns.
1526 4633 2042 4700 DeposuitJoannes

463 4723 724 4792 Cyrillum
761 4741 774 4786 ;
805 4737 946 4790 aegre
981 4721 1187 4775 ferebat
1209 4720 1464 4791 Cyrillus,
1498 4721 1643 4789 quod
1675 4739 1798 4776 cum
1825 4722 2041 4792 dignio-

467 4817 543 4870 ris
575 4826 721 4869 esset
762 4815 927 4879 sedis,
990 4816 1185 4869 luisset
1215 4831 1243 4868 a
1274 4815 1483 4871 Joanne
1514 4817 1816 4884 depositus.
1841 4817 2043 4872 Scribit

470 4906 714 4976 synodus
767 4919 965 4975 rogans
999 4921 1195 4975 papam
1267 4916 1325 4960 ut
1372 4906 1426 4959 in
1474 4907 1748 4962 Joannem
1794 4909 2043 4963 animad-

467 5008 726 5061 verteret,
766 5011 835 5051 ne
879 4997 1142 5052 Ecclesiae
1205 5013 1291 5052 res
1338 4999 1554 5052 abirent
1624 5002 1680 5053 in
1737 5009 2039 5054 extremam

424 5115 430 5136 ι
463 5090 860 5146 confusionem.
891 5089 966 5144 De
997 5090 1199 5159 quibus
1231 5092 1486 5146 erunibus
1510 5108 1675 5161 supra
1700 5092 1906 5146 dictum
1934 5107 2038 5147 est.

413 5182 752 5248 ,‘Quomodo
831 5182 995 5252 igitur
1055 5182 1348 5252 episcopus
1397 5199 1521 5236 cum
1576 5186 1838 5252 episcopo
1896 5186 2039 5252 apud

465 5278 783 5344 episcopum
803 5273 1016 5344 judicio
1063 5276 1350 5328 certabat?
1382 5276 1462 5328 An
1510 5277 1646 5330 forte
1679 5277 1934 5346 Cyrillus,
1987 5288 2042 5331 et

468 5367 719 5421 universa
754 5376 940 5421 sancta
965 5367 1208 5438 synodus
1239 5368 1521 5435 ignorabat
1553 5369 1797 5422 ordinem
1827 5370 2041 5437 episco-

470 5473 686 5527 porum.
755 5459 870 5512 Non
899 5475 1030 5529 ergo
1073 5460 1377 5527 requiritur
1411 5459 1476 5512 ad
1500 5461 1894 5528 plenitudinem
1951 5480 2039 5517 ec-

467 5550 785 5604 clesiasticas
816 5551 1168 5616 ltierarcltix,
1221 5562 1278 5603 ut
1318 5551 1493 5619 prima
1525 5551 1684 5605 sedes
1711 5553 1784 5605 sit
1816 5553 2040 5621 majoris

465 5641 677 5693 ordinis
703 5642 1081 5704 sacerdotalis,
1147 5642 1242 5696 sed
1271 5643 1558 5710 dignitatis
1606 5652 1660 5696 et
1691 5646 2039 5700 auctoritatis

467 5733 710 5800 majoris.
766 5734 878 5787 lloc
935 5735 1040 5788 sibi
1079 5735 1194 5787 vult
1225 5735 1370 5802 apud
1423 5733 1612 5788 Patres
1639 5747 1804 5790 sexta:
1841 5739 2034 5806 synodi

469 5823 658 5879 titulus
688 5826 795 5891 ille,
850 5825 1348 5893 Pauli/iratissimis
1382 5827 1634 5893 antistes;
1668 5837 1722 5883 et
1762 5845 1921 5884 voces
1975 5833 2039 5885 il-

2148 3294 2612 3366 ὲκκλησιαστικὴν
2669 3299 2953 3367 ἱεραρχίαν
3009 3299 3240 3368 διαιρῶν
3306 3302 3573 3370 φαίνεται,
3624 3303 3706 3354 καὶ

2152 3383 2374 3453 μείζονα
2405 3384 2504 3452 τῆς
2533 3384 2628 3437 τοῦ
2662 3388 2966 3440 ἐπισκόπου
2997 3388 3152 3455 ἀξίας
3199 3389 3313 3445 οὐδ’
3341 3392 3489 3445 ἔστιν
3517 3395 3575 3446 ὲκ
3615 3391 3707 3446 τῶν

2149 3479 2360 3530 ἐκείνου
2391 3479 2566 3547 λόγων
2599 3482 2859 3533 ἐπινοεῖν.
2902 3499 2921 3534 ι

2725 3597 3162 3654 ΑΝΤΙΡΡΗΣΙΣ.

2224 3711 2396 3764 Ἱόὖτο
2443 3715 2776 3782 σκιαμαχεῖν
2827 3716 2998 3781 ἐστιν,
3056 3709 3100 3768 ὦ
3153 3716 3426 3785 βέλτιστε.
3477 3718 3567 3781 Τίς
3616 3720 3711 3785 γὰρ

2152 3797 2274 3855 εἷπέ
2307 3821 2439 3856 ποτε
2469 3806 2578 3858 τῶν
2609 3806 2870 3859 ἁπάντων
2897 3809 2988 3859 τὸν
3027 3809 3260 3861 πάππαν
3309 3813 3555 3880 μείζονος
3586 3808 3710 3863 εἶναι

2146 3896 2356 3962 τάξεως
2400 3897 2690 3968 ἱερατικῆς
2718 3899 2750 3969 ἢ
2784 3899 2906 3952 κατ’
2951 3901 3249 3954 ἐπίσκοπον
3282 3921 3296 3963 ;
3327 3905 3482 3957 Κατά
3526 3907 3579 3955 σὲ
3613 3905 3661 3956 δὲ
3689 3905 3712 3954 ὁ

2149 3989 2781 4051 Κωνσταντινουπόλεως
2829 3991 3077 4061 μείξονὸς
3109 3994 3260 4046 ἐστιν
3291 3996 3323 4066 ἢ
3361 3997 3479 4050 κατ’
3508 3998 3710 4050 ἐπίσκο-

2147 4098 2251 4135 πον
2298 4083 2540 4151 τάξεωςξ
2575 4084 2636 4136 Ei
2671 4084 2805 4151 γοῦν
2853 4086 3150 4148 ἐπίσκοπος
3187 4088 3262 4140 ὢν
3306 4090 3417 4158 ἔχει
3470 4091 3590 4152 τοὺς
3621 4088 3704 4141 ὑπ’

2147 4177 2308 4228 αὐτὸν
2357 4177 2640 4246 ἱεράρχας,
2673 4178 2780 4230 τίνι
2829 4177 2976 4249 λόίῳ
3019 4182 3111 4230 τον
3154 4183 3387 4234 πάππαν
3421 4183 3545 4236 ὄντα
3601 4181 3710 4234 ἐπί-

2150 4285 2354 4320 σκοπον
2409 4271 2618 4340 ἀφαιρῇ
2684 4271 2746 4322 τὸ
2803 4275 3074 4340 πρωτεῖον
3136 4275 3352 4338 ἐκεῖνο,
3386 4277 3521 4343 ὅπερ
3576 4275 3706 4339 αὐτῴ

2149 4359 2672 4430 προσρ.αρτυροῦσιν
2701 4364 2753 4414 αἱ
2785 4363 3029 4429 σύνοδοι;
3072 4365 3195 4416 Ἐπὶ
3227 4366 3328 4436 τῆς
3350 4369 3542 4437 τρίτης
3572 4367 3709 4419 συν-ὁ-

2148 4450 2238 4503 δου
2293 4454 2612 4515 Κελεστῖνος
2671 4449 2739 4523 ἦν
2807 4455 3029 4524 Ῥώμης
3080 4458 3400 4524 ἐπίσκοπος,
3461 4460 3704 4529 Κύριλλος

1637 4539 1874 4608 Cyrillus
1914 4543 2031 4596 Ale-

2159 4543 2591 4613 Ἀλεξανδρείας,
2623 4543 2878 4614 Ἰωάννης
2932 4546 3289 4618 Ἀντιοχείας.
3329 4551 3556 4605 Καθεῖλε
3604 4551 3702 4602 iiii-

2151 4635 2331 4704 ριλλον
2362 4639 2386 4688 ὁ
2417 4637 2668 4707 Ἰωάννης
2696 4657 2709 4671 ο
2754 4642 3054 4710 ἠγανάκτει
3089 4643 3377 4710 Κύριλλος,
3424 4647 3504 4698 ὅτι
3540 4644 3706 4712 μείζο-

2099 4756 2102 4759 -
2149 4745 2238 4790 νος
2285 4728 2360 4781 ὢν
2395 4730 2586 4800 θρόνου
2633 4733 2935 4803 καθῃρέθη.
2972 4735 3179 4804 Γράφει
3222 4738 3253 4804 ή
3292 4737 3513 4798 σύνοδος
3541 4752 3705 4803 παρα·

2150 4819 2392 4874 καλοῦσα
2444 4823 2534 4874 τὸν
2563 4826 2797 4878 πάππαν
2844 4827 3228 4893 ἀγανακτῆσαι
3275 4831 3418 4883 κατά
3448 4828 3700 4888 Ἰωάννου,

2152 4913 2237 4964 ἵνα
2270 4917 2366 4982 μὴ,
2400 4915 2586 4981 φασὶν,
2629 4919 2827 4985 οἴχοιτο
2865 4918 2934 4969 τά
2962 4919 3060 4986 τῆς
3111 4917 3445 4987 Ἐκκλησεας
3476 4921 3550 4980 εἰς
3583 4935 3704 4970 παν*

2149 5005 2282 5073 τελῆ
2339 5005 2600 5075 σύγχυσιν
2628 5023 2640 5036 ·
2689 5010 2817 5077 περὶ
2847 5002 2922 5061 ὧν
2972 5011 3228 5063 ἁπάντων
3271 5013 3534 5082 ἀνωτέρω
3567 5011 3704 5079 εἰρή-

2148 5115 2339 5165 καμεν.
2380 5100 2510 5150 Τίνα
2535 5099 2664 5166 γοῦν
2697 5103 2894 5168 τρόπον
2929 5105 3228 5166 ἐπίσκοπος
3260 5106 3545 5174 ὲπισκόπῳ
3580 5101 3700 5168 παρ’

2146 5191 2434 5259 ὲπισκόπῳ
2497 5193 2815 5257 ἐδικάζετος
2877 5196 2945 5247 Ἣ
3004 5197 3144 5264 τάχα
3206 5199 3476 5267 Κύριλλος
3530 5197 3699 5267 ἠγνόει

2144 5281 2243 5350 τὴν
2272 5284 2426 5348 τάξιν
2459 5285 2568 5337 τῶν
2599 5289 2941 5352 ἐπισκόπων,
2974 5290 3004 5359 ἢ
3041 5292 3189 5342 πᾶσα
3220 5293 3248 5358 ἠ
3298 5291 3432 5357 ἁγία
3461 5291 3699 5352 (niveam;

2145 5376 2258 5426 υὺκ
2316 5378 2424 5446 ἄρα
2483 5371 2616 5446 πρὸς
2663 5379 2723 5430 τὸ
2784 5380 3059 5448 πλήρωμα
3115 5382 3212 5450 τῆς
3253 5380 3707 5452 ἐκκλησιαστικῆς

2148 5463 2428 5533 ίεραρχίας
2457 5469 2668 5534 ἀνάγκη
2702 5468 2791 5522 τὸν
2814 5471 3265 5540 πρωτοκάθεδρον
3299 5467 3438 5524 εἶναι
3470 5473 3698 5540 μείζονος

2145 5554 2430 5621 ἱερατικῆς
2464 5559 2692 5622 τάξεως,
2725 5559 2861 5610 ἀλλὰ
2896 5561 3140 5627 μείζονος
3191 5561 3385 5631 θρόνου
3440 5563 3531 5614 καὶ
3559 5562 3700 5625 ἐξου-

2144 5645 2284 5707 σίας.
2321 5645 2494 5699 Τοῦτο
2531 5646 2784 5717 βούλεται
2830 5655 2942 5714 τοῖς
2973 5654 3218 5722 Harpalo:
3265 5655 3364 5722 τῆς
3407 5658 3459 5716 ς’
3499 5649 3698 5702 συνόδ.υ

2141 5743 2200 5792 τὸ
2225 5784 2236 5800 ,
2289 5745 2883 5812 Ἀρχιερατιχώτατρς
2917 5748 3206 5815 πρόεδρος
3229 5765 3244 5779 ο
3289 5749 3384 5800 καὶ
3411 5747 3471 5799 τὸ
3498 5745 3585 5797 τοῦ
3615 5744 3698 5811 βα

2145 5836 2332 5898 σιλέως
2404 5839 2764 5906 [ιωγωνάτου,
2832 5840 3232 5911 Οἱκουμενικῷ
3295 5838 3693 5909 ἀρχιποίμενι,
