4048 6468
458 376 565 443 819

1612 376 1665 437 Μ
1678 376 1981 437 ΛἸἾἮεῙΞῐ
2006 392 2009 393 ⁷
2038 404 2039 413 ι

2140 377 2567 440 RYOPHYLLI
3170 434 3178 439 .
3601 382 3689 448 820

458 494 803 550 siasticarum
868 509 1059 550 ternm
1092 497 1357 570 regulam,
1389 499 1633 569 synodus
1661 500 1830 556 fuerit
1857 515 2039 571 eaque

2141 499 2505 554 ἀποστολικοῦ
2536 496 2733 570 θρόνου
2770 496 2882 551 τῶν
2910 497 3235 553 ἰπισκόπων
3258 498 3520 571 γενομένη
3547 503 3690 557 συνά-

456 588 796 645 cecumenica
823 587 847 643 ?
875 586 1009 654 Quis
1045 603 1180 644 vero
1205 591 1417 653 credat,
1453 593 1636 653 editos
1668 592 1839 648 fuisse
1873 608 2040 649 cauo-

458 694 554 732 ucs
587 687 780 737 contra
805 695 997 750 papam
1023 691 1292 753 prazsente
1339 683 1519 754 legato
1552 685 1749 756 papae?
1798 684 1866 742 Et
1895 685 1942 741 si
1981 685 2037 740 in

460 780 657 838 quarta
691 772 925 845 synodo,
955 789 1081 829 eum
1125 776 1262 831 ordo
1300 776 1740 847 patriarcharum
1798 780 2040 834 orienta-

457 862 588 915 lium
622 873 958 931 mutaretur,
990 865 1129 922 adeo
1185 869 1417 925 moleste
1448 870 1695 927 tulerunt
1741 872 1847 927 hoc
1874 873 2037 943 legati

456 971 632 1026 papae,
687 966 746 1012 ut
781 960 1228 1015 constantissime
1282 961 1679 1027 reclamarent,
1754 965 2037 1033 quomodo

455 1047 598 1118 passi
626 1057 813 1105 essent
840 1049 897 1105 in
956 1051 1274 1122 quinisexta
1321 1053 1788 1114 manifestissimis
1816 1058 2034 1112 onerari

454 1139 805 1195 contumeliis
836 1140 984 1197 Petri
1018 1141 1208 1198 sedem
1234 1143 1258 1196 ’ἰ

522 1407 634 1463 Cur
683 1411 872 1477 etiam,
939 1411 985 1467 si
1048 1424 1201 1481 papae
1248 1412 1462 1483 legatus
1517 1413 1706 1471 aderat
1735 1412 1791 1469 in
1851 1413 2036 1483 quini-

454 1509 627 1567 sexta,
653 1515 766 1557 non
798 1501 987 1558 docuit
1011 1501 1348 1572 Orientales,
1371 1504 1593 1574 quando
1624 1519 1785 1561 suum
1828 1504 2040 1561 scribe-

454 1593 586 1646 baut
661 1606 931 1649 canonem
997 1595 1273 1652 decimum
1338 1597 1560 1651 tertium
1653 1595 1723 1652 de
1779 1596 2037 1653 Patribus

452 1680 998 1753 Carthaginensibus,
1028 1687 1178 1757 quod
1212 1686 1250 1742 ii
1302 1685 1372 1742 de
1403 1686 1747 1757 continentia
1777 1694 1834 1742 et
1869 1688 2038 1743 casti-

456 1784 565 1830 tate
613 1776 940 1835 clericorum
980 1787 1281 1835 tractantes
1310 1792 1435 1833 cum
1470 1778 1763 1845 dixissent,
1808 1779 2034 1835 subdia-

2142 590 2376 662 θροισις,
2408 591 2504 643 καὶ
2547 590 2837 643 κανονίσαι
2866 588 3194 661 τολμήσασα
3241 589 3333 643 τὸν
3369 590 3560 645 κανόνα
3595 593 3692 645 τῶν

2140 682 2623 753 ἑκκλησιαστικῶν
2675 680 2899 746 σύνοδος
2944 681 3015 736 ἂν
3058 681 3168 754 εἴη,
3200 681 3491 736 καὶταῦτα
3531 686 3692 738 οἰκου-

2144 776 2343 845 μενική
2371 793 2386 841 ;
2424 776 2551 839 Πῶς
2587 774 2633 828 δ’
2664 775 2732 829 ἂν
2771 770 2860 846 εἰη
2885 775 3120 828 πιθανὸν
3146 775 3231 839 τὸ,
3258 777 3521 845 παρόντος
3549 793 3691 829 τοπο-

2139 866 2382 937 τηρητοῦ
2412 871 2510 936 τῆς
2548 867 2796 938 Ῥώμης,
2837 867 3129 939 ἐκδοθῆναι
3163 867 3395 930 κανόνας
3437 868 3571 920 κατὰ
3606 867 3690 919 τοῦ

2152 959 2412 1031 Ῥώμης;
2457 961 2571 1015 Καὶ
2621 963 2671 1014 εἰ
2715 960 2990 1031 τοσαύτην
3033 958 3377 1023 ἐπεδείξαντο
3409 958 3693 1027 ἀγανάκτη-

2141 1069 2224 1106 σιν
2273 1054 2326 1106 οἰ
2379 1053 2766 1123 ’τοιιτοτηρηιταί⁸
2816 1048 2915 1105 τοῦ
2972 1051 3177 1106 «ann:
3232 1049 3557 1120 κινουμένης
3606 1049 3694 1118 τῆς

2139 1144 2346 1207 τάξεως
2383 1143 2495 1197 τῶν
2524 1143 2864 1199 ἀνατολικῶν
2896 1140 3259 1214 πατριαρχῶν
3289 1142 3349 1195 ὲν
3386 1144 3451 1211 τῇ
3477 1140 3693 1213 τετάρτῃ

2141 1237 2365 1308 συνόδῳ,
2389 1236 2507 1300 πῶς
2534 1237 2781 1309 ἤνεγκαν
2805 1235 2951 1290 οὑτω
2975 1234 3251 1306 λαμπρῶς
3279 1232 3585 1305 ὑϐρίζεσθαι
3613 1233 3695 1287 τὸν

2139 1329 2348 1399 Πέτρου
2381 1329 2575 1400 θρόνον
2603 1332 2662 1385 ὲν
2690 1330 2759 1399 τῇ
2792 1329 3107 1403 πενθέκτῃς

2211 1421 2321 1476 Καὶ
2355 1421 2495 1489 πῶς,
2533 1419 2588 1474 εί
2619 1437 2683 1489 γε
2718 1421 2901 1492 παρῆν
2930 1423 2988 1474 ὲν
3013 1422 3080 1490 τῇ
3113 1418 3390 1490 πενθὲκτῃ
3430 1418 3457 1470 ό
3498 1416 3585 1469 τὸν
3617 1414 3695 1467 τό·

2139 1531 2242 1567 πον
2287 1514 2506 1584 ἐπέχων
2552 1512 2650 1566 τοῦ
2699 1514 2927 1580 πάππα,
2961 1514 3065 1568 οὑκ
3113 1510 3322 1576 ἐδίδαξε
3356 1510 3479 1574 τοὺς
3523 1510 3699 1562 ἀνατο-

2137 1604 2328 1669 λικοίις
2360 1605 2721 1670 ἐπισκόπους,
2757 1604 2891 1661 ἔνθα
2919 1603 3014 1659 τόν
3049 1610 3119 1674 ιγ’
3149 1602 3335 1659 αὐτῶν
3359 1600 3551 1656 κανόνα
3582 1598 3700 1668 γρά-

2139 1717 2333 1767 φοντες
2384 1697 2610 1768 ἔλεγον*
2656 1716 2676 1753 ι
2712 1697 2855 1762 Τοὺς
2888 1698 2945 1751 ὲν
2994 1696 3327 1767 Καροαγένῃ
3373 1693 3700 1752 συνελθόντας

2140 1792 2401 1862 πρόνοιαν
2451 1790 2781 1860 τιθεμένους
2822 1791 2926 1861 τῆς
2967 1791 3024 1844 ὲν
3074 1789 3176 1860 βίῳ
3230 1789 3556 1859 σεμνότητος
3603 1784 3699 1868 τῶν

452 1881 643 1931 conos,
701 1868 967 1926 diaconos
1021 1878 1076 1926 et
1130 1870 1489 1942 presbyteros
1532 1870 1818 1926 continere
1854 1886 1914 1926 sc
1968 1871 2037 1927 ab

2140 1883 2479 1954 λειτουργῶν
2539 1884 2749 1954 φάναι,
2803 1882 2947 1937 ὥστε
3001 1882 3128 1947 τοὺς
3191 1879 3576 1938 ὑποδιακόνους
3618 1873 3700 1928 καὶ

452 1960 723 2017 uxoribus
784 1962 1092 2018 secundum
1128 1964 1352 2036 propria
1384 1971 1612 2027 statuta,
1646 1972 1706 2018 et
1728 1963 2039 2020 Orientales

453 2066 552 2123 per
572 2054 707 2110 illud
726 2052 772 2127 (ι
784 2056 1089 2112 secundum
1120 2056 1343 2128 propria
1358 2063 1618 2125 statuta»)
1647 2056 2038 2133 intelligerent,

454 2148 758 2204 secundum
817 2159 957 2207 stata
1020 2159 1309 2222 tempora;
1366 2152 1523 2223 quasi
1577 2144 2040 2222 Carthagiuenses

451 2242 643 2299 Patres
676 2243 937 2313 dixerint,
995 2253 1253 2316 oportere
1288 2244 1651 2301 inservientes
1672 2244 1831 2299 altari
1862 2241 2040 2298 conti-

454 2352 585 2393 nere
614 2352 674 2393 se
704 2338 773 2393 ab
802 2338 1092 2405 uxoribus,
1125 2338 1346 2409 quando
1370 2353 1523 2394 sacra
1551 2338 1838 2393 tractaturi
1871 2343 2034 2401 sunt;

449 2439 603 2483 extra
637 2443 768 2485 vero
798 2428 854 2484 id
884 2438 1102 2501 tempus
1127 2444 1472 2501 nequaquam
1511 2430 1622 2487 illis
1647 2429 2035 2501 denegandum

448 2523 844 2577 commercium
885 2537 1010 2577 cum
1044 2522 1343 2578 uxoribus:
1379 2538 1499 2589 cur,
1542 2522 1791 2593 inquam,
1823 2521 2039 2590 legatus

449 2630 606 2684 papa:
642 2629 751 2670 non
783 2615 990 2678 docuit,
1026 2630 1150 2686 qua:
1206 2613 1435 2670 dicenda
1468 2622 1628 2670 erant
1660 2628 1760 2684 pro
1791 2611 2038 2669 Ecclesia

451 2706 696 2761 Rontana
714 2723 731 2764 ι
749 2707 897 2777 quod
925 2706 1026 2764 ista
1053 2705 1351 2763 verborum
1374 2706 1755 2777 interpretatio
1774 2720 1885 2761 non
1909 2720 2041 2761 con-

448 2796 600 2866 gruit
623 2811 750 2853 cum
777 2813 946 2855 sensu
975 2795 1521 2870 Carthaginiensium,
1589 2797 1686 2867 qui
1752 2796 2038 2852 abstinere

447 2890 646 2951 iubent
683 2890 919 2948 clericos
970 2892 1112 2950 sacri
1163 2892 1380 2949 ordinis
1434 2890 1743 2948 secundum
1808 2890 2034 2961 propria

451 2989 673 3048 statiua,
727 2982 812 3039 vel
862 2983 1048 3054 priora
1115 2992 1343 3051 statuta,
1408 2984 1517 3039 hoc
1571 2992 1656 3039 est
1726 2981 2040 3054 perpetuo?

451 3076 568 3134 Hoc
601 3077 746 3132 cnim
776 3078 1074 3135 manifeste
1095 3088 1248 3148 patet
1273 3094 1341 3136 ex
1365 3077 1551 3134 verbis
1579 3075 2036 3147 Cartbaginensis

449 3170 647 3243 synodi
671 3186 729 3238 ιι,
760 3187 887 3242 cap.
912 3171 948 3225 2
974 3190 988 3227 :
1027 3191 1045 3225 ι
1082 3171 1343 3228 Aurelius
1369 3170 1666 3241 episcopus
1687 3168 1824 3226 dixit
1855 3167 2032 3223 :Cum

452 3262 507 3319 in
539 3264 816 3332 ιιι-αξιοιίιο
871 3263 1110 3319 concilio
1151 3263 1220 3320 de
1262 3263 1621 3319 continentia:
1649 3270 1707 3317 et
1761 3263 2034 3319 castitatis
2059 3245 2104 3304 (ἶ

453 3353 834 3415 moderamine
866 3363 1218 3420 tractaretur,
1254 3355 1457 3424 gradus
1485 3353 1576 3409 isti
1629 3362 1742 3409 tres
1782 3355 2034 3410 conscri-

454 3447 643 3516 ptione
673 3448 912 3518 quadam
936 3447 1180 3503 castitati
1215 3463 1311 3518 per
1338 3447 1793 3503 consecratioues
1833 3449 2032 3504 annexi

452 3545 586 3595 sunt
606 3538 899 3609 episcOpos
926 3539 1171 3610 inquam,
1196 3539 1555 3611 presbyteros
1582 3548 1637 3597 et
1656 3539 1938 3611 diaconos,
1958 3541 2036 3595 ita

454 3631 683 3701 placuit,
717 3638 779 3688 ut
811 3633 1484 3690 condccetsaerosanctos
1514 3634 1815 3702 antistites,
1841 3644 1900 3691 et
1934 3634 2033 3691 Dei

455 3723 794 3787 sacerdotes,
832 3741 935 3780 nec
961 3741 1072 3782 non
1105 3737 1161 3781 et
1188 3726 1404 3794 levitas,
1430 3727 1516 3783 vel
1552 3728 1645 3798 qui
1676 3728 2037 3784 sacramentis

457 3818 661 3873 divinis
708 3818 1039 3883 inserviunt,
1097 3821 1446 3876 continentes
1490 3820 1701 3876 essein
1733 3818 2035 3886 omnibus;

456 3924 568 3981 quo
594 3909 811 3979 possint
842 3909 1188 3979 simpliciter,
1219 3911 1365 3980 quod
1397 3925 1426 3965 a
1465 3910 1580 3965 Deo
1604 3910 1885 3979 postulant
1938 3910 2039 3964 im-

457 4010 698 4070 petrare,
722 4008 783 4056 ut
819 3999 968 4069 quod
1002 4000 1238 4069 apostoli
1294 3999 1627 4064 docuerunt,
1661 4010 1719 4056 et
1751 4000 1867 4071 ipsa
1917 4015 2038 4056 ser-

457 4092 604 4148 vavit
630 4091 958 4163 antiquitas,
984 4102 1086 4147 nos
1125 4106 1346 4162 quoque
1373 4092 1776 4149 custodiamus.
1799 4091 1883 4149 Ab
1912 4093 2038 4147 uni-

456 4186 629 4241 versis
679 4184 958 4255 episcopis
1022 4185 1231 4240 dictum
1260 4194 1393 4240 est:
1427 4183 1701 4242 Omnibus
1733 4186 1943 4256 placet,
1973 4192 2036 4241 ut

454 4278 728 4349 episcopi,
762 4278 1068 4349 presbyteri
1096 4291 1157 4333 et
1183 4278 1427 4346 diaconi,
1454 4279 1542 4334 vel
1571 4280 1663 4350 qui
1693 4287 2041 4336 sacramenta

456 4380 829 4437 contrectant,
860 4370 1142 4441 pudicitia:
1175 4371 1434 4429 custodes
1476 4372 1642 4428 etiam
1674 4373 1745 4428 ab
1773 4372 2043 4429 uxoribus

452 4479 513 4519 se
535 4464 880 4519 contineant.
902 4462 988 4519 Ab
1012 4464 1272 4520 omnibus
1296 4464 1501 4521 dictum
1530 4475 1636 4533 est,
1665 4465 1871 4531 Placet,
1898 4473 1960 4521 ut
1982 4465 2041 4521 in

453 4557 713 4613 omnibus
739 4557 881 4612 etab
913 4557 1171 4614 omnibus
1206 4558 1471 4628 pudicitia
1511 4559 1881 4625 custodiatur,
1940 4544 2037 4630 qui

456 4650 617 4706 altari
646 4650 987 4705 deserviunt.
1029 4670 1047 4703 ι
1085 4651 1275 4708 Patres
1314 4660 1499 4708 autem
1533 4653 1754 4708 concilii
1809 4652 2045 4709 Cartha-

454 4745 699 4814 ginensis
751 4758 810 4810 .v,
866 4744 1048 4814 capite
1107 4745 1315 4801 tertio:
1350 4762 1373 4798 ι
1410 4743 1712 4811 Ριωιοιοθα,
1750 4743 2038 4815 inquiunt,

453 4852 580 4891 rum
639 4835 710 4892 de
774 4836 1138 4906 quorumdam
1196 4838 1552 4904 clericorum,
1604 4840 1859 4909 quamvis
1908 4857 2039 4912 erga

390 4936 394 4940 ‘
460 4944 662 4983 risores
693 4928 967 4999 proprias,
1018 4929 1419 4985 incontinentis
1451 4928 1777 4999 referretur,
1809 4931 2039 5004 placuit,

454 5022 857 5092 episcopos-et
934 5023 1312 5094 presbyteros,
1358 5012 1444 5077 ὀι
1506 5023 1790 5093 diaconos,
1838 5040 2041 5083 secun-

456 5116 587 5167 dum
619 5114 804 5183 priora
855 5121 1083 5179 statuta,
1121 5112 1288 5167 etiam
1322 5112 1392 5169 ab
1426 5114 1694 5170 uxoribus
1727 5118 2034 5176 continere.

456 5205 612 5273 Quod
641 5206 747 5261 nisi
778 5204 1040 5271 iecerint,
1089 5203 1160 5259 ab
1205 5205 1586 5262 ecclesiastico
1641 5221 2037 5268 removeantur

452 5299 654 5355 cilicio.
687 5318 707 5352 ι

2142 1975 2425 2040 διακόνους
2452 1978 2547 2031 καὶ
2576 1975 2989 2047 πρεσϐυτέρους
3015 1977 3079 2028 ὲκ
3109 1973 3221 2029 τῶν
3255 1972 3501 2043 συμϐίων
3525 1966 3702 2040 ἐγκρα-

2142 2068 2400 2124 τεύεσθαι
2435 2069 2582 2124 κατὰ
2612 2069 2743 2132 τοὺς
2778 2067 2951 2131 ἰδίους
2977 2068 3141 2138 ὄρους
3179 2085 3199 2121 ι
3243 2066 3364 2138 (καί
3394 2064 3475 2132 τὸ,
3514 2081 3533 2116 ι
3567 2062 3700 2117 κατὰ

2142 2163 2269 2226 τοὺς
2305 2161 2471 2224 ἰδίους
2514 2163 2701 2231 ὅρους,
2742 2179 2761 2215 ι
2812 2161 3116 2233 ἐξηγοῦντο
3150 2160 3201 2215 οἰ
3235 2156 3546 2223 ἀνατολικοὶ
3575 2154 3703 2209 κατὰ

2140 2256 2372 2327 καιροὺς
2417 2254 2586 2318 ἰδίους
2612 2270 2627 2288 ·
2657 2254 2734 2318 ὡς
2772 2254 2840 2308 ἂν
2883 2255 2933 2307 εἰ
2980 2253 3167 2322 ἔλεγον
3195 2252 3247 2307 οἰ
3298 2251 3358 2303 ἐν
3390 2247 3703 2320 Καρθαγένῃ

2140 2347 2346 2418 χρῆναι
2370 2346 2500 2412 τοὺς
2532 2346 2613 2418 τῷ
2642 2346 3029 2417 θυσιαστηρίῳ
3055 2342 3527 2415 προσεδρεύοντας
3558 2341 3613 2392 ἐν
3636 2336 3702 2406 τῷ

2141 2438 2320 2511 καιρῷ
2378 2439 2480 2510 τῆς
2527 2437 2638 2493 τῶν
2688 2438 2866 2507 ἁγίων
2918 2436 3377 2509 μεταχειρήσεως
3432 2431 3700 2505 ὲγκριτεῖς

2140 2529 2302 2599 εἶναι,
2332 2530 2437 2597 ἔξω
2464 2531 2522 2584 δὲ
2545 2531 2641 2585 τοῦ
2669 2531 2920 2586 τοιούτου
2957 2530 3155 2601 καιροῦ
3187 2528 3262 2599 μὴ
3296 2524 3702 2597 ἀποστερεῖσθαι

2137 2627 2238 2696 τῆς
2285 2625 2424 2695 πρὸς
2477 2625 2711 2696 νόμιμον
2763 2628 3004 2695 γυναῖκα
3055 2623 3389 2693 συναφείας)
3419 2637 3432 2651 ⁶
3470 2619 3582 2684 πῶς
3617 2618 3705 2670 οὐκ

2137 2715 2368 2782 ἐδίδαξε,
2402 2714 2569 2785 φημὶ,
2604 2714 2672 2767 τὰ
2698 2712 2888 2767 δίκαια
2917 2715 3019 2783 τῆς
3065 2712 3363 2782 Ῥωμαίων
3398 2706 3704 2779 Ἐκκλησίας

2139 2807 2387 2876 φάσκων,
2415 2807 2499 2860 ὅτι
2528 2806 2590 2860 οὑ
2625 2810 2917 2877 συμφωνεῖ
2944 2807 2978 2877 ὴ
3014 2804 3282 2878 ἐξήγησις
3319 2804 3497 2859 αὐτῶν
3530 2804 3632 2865 τοῖς
3658 2803 3706 2853 ἐν

2138 2899 2470 2970 Καρθαγένῃ
2511 2899 2818 2969 Πατρόισιν,
2851 2899 3057 2961 οίτινες
3113 2896 3549 2969 ἔγκρατεύεσθαι
3595 2893 3709 2956 τοὺς

2139 2993 2476 3064 ίερωμένους
2524 2990 2813 3045 κελεύουσι
2865 2991 3009 3046 κατά
3066 2992 3194 3055 τοὺς
3230 2992 3475 3055 οἰκείους
3507 2984 3707 3057 ὄρουςῆ

2137 3084 2416 3155 θεσμοῦςσ
2452 3085 2604 3139 ἄλλοι
2652 3084 2710 3137 δὲ
2758 3084 3064 3156 γράφουσι,
3096 3084 3241 3139 κατὰ
3293 3085 3418 3150 τοὺς
3472 3082 3709 3154 ἀρχαίους

2137 3178 2396 3250 θεσμοὺς,
2424 3177 2629 3250 δηλαδὴ
2661 3177 2988 3251 ἁειδήποτες
3024 3179 3134 3236 Καὶ
3178 3178 3344 3247 δῆλον
3373 3176 3527 3233 τοῦτο
3561 3175 3616 3240 ἐξ
3638 3163 3703 3225 ὧν

2139 3287 2304 3340 φασιν
2347 3270 2397 3323 οἰ
2448 3269 2550 3340 τῆς
2585 3269 2848 3342 δευτέρας
2891 3273 2949 3324 ἐν
2995 3270 3337 3342 Καρθαγένῃ
3372 3269 3584 3324 συνόδου
3614 3266 3711 3318 Πα-

2138 3363 2296 3433 τέρες
2346 3364 2406 3417 ὲν
2457 3361 2539 3434 τῷ
2593 3358 2639 3433 β’
2687 3364 3008 3435 κεφαλαίῳ’
3053 3382 3072 3415 ι
3110 3363 3390 3435 Αὐρήλιος
3434 3362 3707 3419 ἐπίσκοπος

2139 3450 2338 3511 εἴπεν*
2387 3455 2477 3509 'Ev
2526 3458 2594 3527 τῇ
2654 3457 3012 3529 προλαϐούσῃ
3071 3458 3281 3528 συνόδῳ
3344 3457 3474 3529 περί⁸
3524 3456 3614 3524 τῆς
3661 3455 3709 3503 ἐν

2138 3549 2475 3621 ἐγκρατείᾳ,
2514 3551 2843 3623 σωφροσύνῃ
2869 3568 2927 3603 σε
2937 3552 3321 3623 μνοττρεπείας
3347 3550 3609 3609 λέλεκται,
3639 3548 3708 3600 ὅτι
3756 3571 3766 3583 ~

2139 3642 2188 3693 οἰ
2230 3642 2385 3710 τρεῖς
2415 3633 2566 3693 οὗτοι
2617 3641 2753 3709 duo]
2774 3642 2923 3710 ραφῇ
2951 3656 3060 3693 τινι
3106 3641 3176 3692 δι’
3208 3638 3565 3709 ἀᾳιερώσεως
3598 3651 3709 3686 συν-

2138 3731 2383 3785 δέδενται
2433 3733 2500 3800 τῇ
2534 3730 2889 3802 σωφροσύνῃ,
2923 3731 3248 3783 ἐπισκόπων
3282 3731 3447 3802 φημὶ,
3492 3723 3708 3797 πρεσϐυ-

2140 3823 2317 3896 τέρων
2369 3823 2466 3877 καὶ
2494 3823 2761 3877 διακόνων
2780 3840 2793 3854 ο
2831 3822 3007 3886 οὑτως
3037 3824 3228 3895 ἤρεσε,
3256 3823 3444 3885 καθὼς
3476 3821 3577 3891 χρὴ
3598 3818 3711 3877 τοὺς

2142 3916 2484 3985 ἀγιωτάτους
2528 3915 2852 3987 προέδρους,
2885 3917 2974 3969 ναὶ
3028 3918 3136 3986 μὴν
3180 3916 3278 3969 καὶ
3312 3916 3559 3978 Λευίτας,
3591 3908 3714 3963 ἀλλὰ

2139 4013 2234 4065 καὶ
2295 4011 2423 4073 τοὺς
2476 4008 2894 4081 ὑπηρετοῦντας
2967 4012 3082 4072 τοῖς
3157 4008 3331 4073 θείοις
3411 4004 3715 4077 μυστηρίοις

2143 4102 2440 4172 ἐγκρατεῖς
2472 4096 2616 4155 εἶναι
2645 4103 2704 4155 ὲν
2746 4099 2958 4156 ἅπασιν
2980 4116 2997 4134 ο
3036 4099 3108 4155 ἶν’
3134 4100 3340 4171 ἔχωσιν
3366 4099 3554 4160 ἁπλῶς
3590 4097 3714 4162 ὅπερ

2143 4191 2426 4246 αἰτοῦνται
2471 4191 2566 4246 τὸν
2611 4190 2748 4246 Θεὸν
2782 4190 3092 4260 λαμϐάνειν
3118 4204 3134 4220 ⁶
3180 4190 3334 4253 ὅπως
3377 4186 3717 4259 φυλάττωμεν

2142 4287 2241 4341 καὶ
2273 4286 2437 4357 ἡμεῖς
2468 4284 2607 4355 ὅπερ
2644 4284 2896 4350 ἐδίδαξαν
2929 4286 2979 4338 οἱ
3023 4283 3343 4349 ἀπόστολοι,
3383 4284 3478 4336 καὶ
3502 4278 3718 4348 ἐκράτη-

2144 4396 2239 4433 σεν
2267 4380 2301 4450 ἡ
2328 4378 2654 4449 ἀρχαιότης.
2688 4378 2896 4442 Πάντες
2924 4380 2975 4432 οἰ
3004 4378 3297 4432 ἐπίσκοποι
3330 4373 3484 4430 εἷπον
3512 4393 3524 4407 ·
3559 4372 3717 4424 Uinv

2143 4473 2392 4544 ἀρέσκει,
2425 4473 2513 4527 ίνα
2552 4473 2603 4527 οἰ
2629 4473 2950 4537 ἐπίσκοποι,
3000 4473 3398 4544 πρεσϐύτεροι,
3433 4471 3525 4523 καὶ
3551 4465 3719 4520 διάκο-

2067 4588 2122 4650 D
2146 4585 2250 4634 νοι,
2282 4567 2317 4638 ἢ
2348 4567 2443 4622 καὶ
2471 4568 2521 4620 οἰ
2551 4568 2622 4622 τὰ
2655 4568 2939 4639 μυστήρια
2969 4567 3360 4637 ψηλαφῶντες,
3394 4566 3496 4634 τὴν
3522 4573 3722 4630 σωφρο-

2148 4661 2317 4732 σύνην
2348 4660 2652 4732 τηροῦντες
2682 4661 2779 4714 καί
2811 4661 2994 4714 αὐτῶν
3025 4660 3137 4713 τῶν
3169 4658 3439 4729 γαμετῶν
3488 4656 3722 4723 ἀπέχων-

2143 4773 2256 4810 ται.
2294 4755 2505 4817 Πάντες
2553 4755 2849 4826 εἰρήκασιν
2875 4771 2890 4785 '
2929 4755 3206 4826 Ἀρέσκει.
3237 4755 3327 4809 ἴνα
3373 4756 3433 4808 ὲν
3480 4752 3609 4806 πᾶσι
3638 4745 3722 4798 καὶ

2148 4848 2301 4920 παρὰ
2339 4847 2559 4901 πάντων
2610 4847 2721 4901 τῶν
2780 4846 3205 4918 ὑπηρετούντων
3244 4849 3310 4917 τῇ
3365 4844 3608 4917 τραπέζῃ
3634 4855 3722 4907 φυο

2146 4939 2417 5007 λάσσηται
2447 4941 2481 5009 ἡ
2510 4938 2834 5009 ἐγκράτεια.
2875 4957 2895 4992 ι
2934 4939 2996 4993 Οί
3021 4939 3076 4991 δὲ
3103 4939 3205 5008 τῆς
3234 4937 3276 4991 ε’
3312 4940 3372 4991 ὲν
3407 4934 3722 5004 Καρθαγένῃ

2150 5031 2374 5084 συνόδου
2405 5032 2653 5101 Ιίατὲρες
2681 5033 2739 5085 ὲν
2767 5021 3056 5102 κεξραλαίῳ
3088 5030 3259 5102 τρίτῳ
3294 5030 3494 5099 φασίν·
3539 5046 3556 5078 ι
3596 5023 3725 5094 Πρὸς

2145 5124 2356 5189 τούτοις
2389 5127 2689 5197 ἀνήνεκται
2725 5128 2859 5199 περὶ
2899 5126 3001 5196 τῆς
3046 5125 3334 5196 κληρικῶν
3377 5140 3541 5177 τινων
3566 5123 3729 5190 ἀκραο

2148 5219 2292 5284 σίας,
2320 5220 2370 5272 εἰ
2400 5221 2492 5273 καὶ
2526 5222 2647 5285 ταῖς
2686 5219 2848 5282 ἰδίαις
2872 5220 3177 5292 ἐχρήσαντο
3200 5221 3479 5290 γαμεταῖς
3497 5234 3511 5248 ο
3540 5217 3726 5287 ἤρεσεν

2147 5309 2264 5373 οὖν,
2302 5312 2389 5366 ἵνα
2419 5313 2737 5377 ἐπίσκοποι,
2773 5304 3165 5383 πρεσϐύτεροι,
3201 5312 3300 5364 καὶ
3325 5310 3567 5365 διάκονοι
3596 5301 3729 5358 κατὰ

452 5394 579 5459 τοὺς
630 5394 868 5458 οἰκείους
918 5393 1101 5465 ὅρους,
1158 5393 1252 5447 καὶ
1309 5394 1493 5450 αὐτῶν
1545 5396 1862 5469 ἀπέχωνται
1923 5403 2033 5456 τῶν
2073 5407 2358 5476 γαμετῶν,
2398 5408 2498 5461 Ἂν
2529 5406 2691 5461 τοῦτο
2758 5406 2834 5480 μὴ
2867 5404 3143 5477 πράξωσι,
3209 5408 3308 5476 τῆς
3356 5405 3729 5472 ἐκκλησιαστι-

452 5492 558 5563 κῆς
597 5490 1082 5547 ἀποκινείσοωσαν
1114 5490 1407 5563 ἐργασίας.
1448 5510 1469 5546 ι

523 5590 814 5658 Quomodo
843 5588 1010 5660 igitur
1037 5588 1250 5660 legatus
1302 5604 1455 5660 papae
1490 5590 1544 5646 in
1577 5591 1663 5649 his
1688 5609 1798 5649 non
1816 5605 2042 5651 contra-

455 5684 612 5740 dixit.
639 5697 694 5739 et
726 5699 837 5739 non
864 5682 1085 5754 aperuit
1115 5683 1514 5740 dissonantium
1561 5702 1823 5743 sensuum
1844 5688 1867 5742 ’ἰ
1887 5688 2040 5757 Quo-

460 5774 622 5827 modo
670 5790 777 5828 non
837 5774 1171 5830 contradixit
1223 5775 1490 5832 adversus
1522 5792 1787 5834 cauoncm
1828 5780 2039 5835 tricesi-

458 5881 606 5920 mum
664 5875 877 5921 sextum
941 5868 1009 5923 dc
1076 5869 1388 5940 trqttalitate
1462 5871 1689 5927 honoris
1758 5889 1911 5943 papa:
1986 5884 2042 5927 et

2228 5597 2351 5661 Πῶς
2376 5596 2471 5651 οὖν
2504 5598 2533 5651 ὁ
2560 5594 2941 5667 τοποτηρητὴς
2970 5591 3065 5647 τοῦ
3114 5592 3319 5647 πάππα
3354 5593 3455 5645 οὐκ
3485 5588 3728 5646 ἀντεῖπεν

2151 5695 2210 5746 ἑν
2240 5692 2474 5758 τούτοις,
2504 5693 2598 5746 καὶ
2627 5692 2728 5745 οὑκ
2757 5689 2953 5762 ἤλεγξε
2981 5688 3041 5743 τί)
3069 5687 3444 5755 ἁσᾶμφωνονς
3498 5683 3616 5745 Πῶς
3637 5680 3730 5733 οὐκ

2151 5786 2372 5837 ἀντεῖπε
2431 5783 2567 5856 πρὸς
2624 5784 2684 5836 τὸ
2732 5781 2827 5834 τοῦ
2862 5777 2951 5845 λς’
2985 5780 3207 5842 κανόνος
3259 5778 3391 5847 περὶ
3446 5775 3553 5827 τῶν
3609 5771 3729 5822 ἰσων

2155 5875 2461 5945 πρεσϐείων
2524 5874 2620 5928 τοῦ
2670 5874 2873 5929 πάππα
2916 5872 3011 5927 καὶ
3057 5869 3153 5925 τοῦ
3211 5862 3724 5923 Κωνσταντινουπό-
