4048 6470
440 394 553 457 sta
1620 381 1983 443 MATTHJ-li
2026 377 2556 439 CARYOPHYLLI
3587 383 3678 445 ιιι

450 512 619 568 Pater
646 505 1012 577 apostolicus,
1046 502 1153 558 nisi
1182 503 1334 557 solus
1377 516 1535 571 papa.
1572 500 1816 568 Septima
1865 512 2029 569 syno-

2148 496 2474 564 Ἐκκλησίαν
2551 493 2921 564 ἀποστολικῆς
2988 494 3312 566 διοικήσεως
3366 502 3680 565 σημαντικόν

420 604 546 668 do,
594 590 814 655 actione
849 614 889 653 ιι
924 615 938 652 :
993 616 1012 650 ι
1061 597 1259 652 Petrus
1289 607 1345 651 et
1379 596 1578 649 Petrus
1610 595 1722 648 Dco
1761 592 2028 646 amabiles

2148 591 2433 658 ιστι·φησὶ
2478 591 2608 659 γὰρ,
2640 589 2725 641 ὃτι
2787 589 2999 659 Πέτρου
3050 588 3143 642 τοῦ
3201 590 3345 643 θείου
3412 592 3683 646 ἀποστόλου

448 693 761 765 presbyteri
810 701 867 747 et
910 691 1095 746 locum
1129 698 1382 745 tenentes
1430 686 1655 742 Adriani
1695 684 2029 741 sanctissimi

453 802 609 857 papa)
634 784 871 841 Romani
906 784 1203 839 dixerunt:
1238 781 1350 836 Nos
1380 780 1484 850 ipsi
1512 789 1766 850 acceptas
1792 777 1860 833 ab
1899 792 2031 847 apo-

453 881 649 935 stolico
676 880 839 935 Patre
868 888 1060 933 nostro
1084 875 1400 947 hujusmodi
1426 874 1647 929 litteras
1666 872 1988 927 detulimus.
2007 890 2025 921 ι

456 974 522 1028 Ει
550 974 772 1029 actione
806 989 883 1038 tv,
909 972 967 1026 in
995 968 1506 1041 subscriptionibus
1533 985 1547 1021 :
1584 986 1602 1019 ι
1634 968 1834 1023 Petrus
1866 967 2035 1020 mise-

456 1068 675 1123 ratione
710 1065 897 1121 divina
931 1063 1388 1134 archipresbyter
1428 1071 1632 1117 sancta:
1666 1061 1762 1115 Dei
1795 1060 2033 1114 catholi-

455 1174 533 1214 (τε
581 1168 642 1214 et
707 1155 1028 1227 apostolicae
1079 1154 1367 1218 Ecclesia,
1425 1144 1503 1207 et'
1534 1151 1720 1207 locum
1773 1149 2035 1219 supplens

460 1248 692 1303 Adriani
720 1246 899 1303 sancti
920 1258 977 1301 et
1003 1244 1291 1313 apostolici
1328 1258 1502 1313 papa,
1533 1252 1642 1297 etc.
1680 1259 1699 1292 ι
1726 1240 1879 1295 Adeo
1906 1254 2037 1294 vero

456 1342 773 1396 communis
818 1340 1262 1396 Christianorum
1312 1337 1562 1391 omnium
1619 1340 1735 1388 erat
1786 1347 1903 1386 mos
1960 1335 2036 1385 ita

458 1432 782 1487 nominandi
826 1445 1045 1501 papam,
1081 1439 1142 1483 ut
1181 1443 1414 1499 magnus
1449 1423 1783 1479 Athanasius
1832 1424 1888 1478 in
1918 1423 2039 1492 epi-

458 1525 597 1579 stola
639 1525 703 1577 ad
757 1537 951 1577 omnes
996 1521 1205 1591 ubique
1244 1518 1544 1574 solitariam
1590 1518 1757 1573 vitam
1811 1524 2039 1587 agentes

462 1620 577 1671 lia-c
608 1617 797 1670 dicat:
841 1632 861 1667 ι
897 1614 1032 1670 Nam
1075 1629 1177 1669 nec
1218 1613 1322 1683 ipsi
1364 1610 1592 1666 Liberio
1636 1609 1900 1679 episcopo
1930 1608 2042 1664 Ro-

463 1725 624 1764 mano
677 1710 729 1763 in
764 1707 962 1779 primis
1012 1716 1417 1776 pepercerunt,
1451 1703 1547 1759 sed
1590 1702 1830 1757 furorem
1878 1716 2040 1756 suum

465 1819 643 1871 usque
675 1802 742 1856 ad
775 1817 841 1858 ea
870 1800 989 1855 loca
1025 1798 1429 1861 extenderunt;
1456 1811 1558 1851 nec
1593 1797 1741 1850 ducti
1777 1811 2040 1850 reveren-

2132 684 2233 753 τὴν
2268 683 2544 748 καθέδραν
2572 680 2942 752 ἐκληρώσατο·
3000 682 3093 735 καὶ
3120 681 3309 735 τούτου
3363 682 3527 750 σαφὲς
3576 702 3685 736 τεκ-

2137 776 2352 846 μήριον,
2384 776 2469 828 ὅτι
2496 776 2670 837 οὐδείς
2699 792 2830 828 ποτε
2875 773 2984 827 τῶν
3035 775 3391 846 πατριαρχῶν
3451 775 3682 848 ισχε-τὴν

2133 871 2228 922 τοῦ
2261 869 2622 925 ἀποστολικοῦ
2655 870 2872 938 Πατρὺς
2906 869 3251 940 ἐπωνυμίαν,
3317 871 3364 922 εί
3399 871 3469 939 μὴ
3503 872 3689 940 μόνοςό

2135 964 2389 1025 πάππας·
2423 966 2481 1016 ἐν
2502 966 2567 1033 τῇ
2678 962 2875 1032 πράξει
2905 965 3006 1033 τῇς
3059 962 3105 1027 ζ’
3134 962 3377 1029 συνόδου,
3448 984 3464 1014 ι
3505 966 3705 1033 Πέτρος

2137 1056 2233 1109 καὶ
2277 1056 2506 1124 Πέτρος,
2538 1054 2728 1125 φησιν,
2755 1055 2806 1107 oi
2854 1054 3265 1121 θεοφιλέστατοι
3324 1055 3688 1125 πρεσϐύτεροι,

2136 1149 2350 1201 καὶτὸν
2390 1148 2556 1200 τόπον
2598 1148 2889 1218 ἐπέχοντες
2946 1145 3233 1217 Ἀδριανοῦ
3262 1147 3357 1200 τοῦ
3410 1148 3690 1214 ἀγιωτάτου

2137 1241 2342 1295 πάππα
2375 1241 2601 1309 Ῥώμης
2630 1237 2808 1293 εἶπον·
2846 1240 2910 1293 'H
2922 1243 3041 1307 μείς
3070 1241 3225 1293 αὖτοὶ
3268 1239 3517 1304 λαϐόντες
3559 1243 3694 1309 παρά

2136 1334 2233 1386 τοῦ
2270 1332 2630 1386 ἀποστολικοῦ
2657 1333 2814 1401 ἡμῶν
2837 1333 3051 1401 Harpe;
3071 1334 3138 1385 τά
3165 1331 3392 1385 τοιαῦτα
3418 1334 3692 1403 γράμματα

2138 1426 2429 1495 ἠγάγομεν
2459 1441 2473 1456 ·
2517 1443 2536 1477 ι
2591 1424 2686 1477 καὶ
2716 1427 2775 1477 ἐν
2807 1426 2874 1495 τῇ
2910 1423 2951 1477 δ’
2982 1421 3181 1495 πράξει
3221 1426 3279 1478 ἐν
3309 1426 3425 1488 ταῖς
3480 1425 3696 1495 ὑπογρα-

2141 1520 2270 1587 φαῖς
2304 1534 2318 1547 ·
2368 1536 2387 1570 ι
2422 1517 2629 1587 Πέτρος
2689 1517 2827 1588 ἐλέῳ
2881 1516 3017 1570 Θεοῦ
3070 1518 3562 1587 ἀρχιπρεσδύτερος
3609 1517 3697 1586 τῆς

2141 1611 2306 1679 ἁγίας
2321 1611 2416 1663 τοῦ
2447 1609 2583 1664 Θεοῦ
2603 1609 2905 1677 καθολικῆς
2938 1610 3031 1663 καὶ
3070 1609 3439 1678 ἀποστολικῆς
3488 1610 3696 1676 Ἐκκλη-

2143 1702 2290 1768 σίας,
2325 1703 2422 1755 καὶ
2448 1702 2540 1754 τὸν
2567 1702 2733 1754 τόπον
2764 1702 3098 1772 ἀναπληρῶν
3127 1702 3411 1772 Ἀδριανοῦ
3439 1702 3527 1756 τοῦ
3554 1704 3698 1769 ἁγιω-

2143 1796 2310 1849 τάτου
2372 1795 2467 1847 καὶ
2520 1794 2887 1847 ἀποστολικοῦ
2944 1796 3168 1857 πάππα,
3207 1812 3225 1845 ι
3290 1797 3382 1847 καὶ
3438 1797 3504 1846 τὰ
3568 1793 3697 1862 ἑξῆς.

464 1856 566 1950 ιὶιιῖ
581 1906 729 1958 sunt,
775 1894 923 1965 quod
958 1894 1031 1948 sit
1061 1892 1362 1963 apostolica
1397 1892 1578 1956 sedes,
1623 1900 1679 1945 et
1723 1890 1897 1944 Roma
1928 1890 2037 1944 im-

2148 1888 2303 1941 Οῦτω
2337 1887 2393 1939 δὲ
2417 1886 2599 1939 κοινὸν
2624 1882 2695 1957 ἦν
2742 1888 2859 1949 τοῖς
2930 1888 3069 1939 πᾶσι
3114 1887 3301 1939 καλεῖν
3350 1888 3414 1956 τῇ
3464 1856 3700 1953 ὀνομασίᾳ

464 1991 601 2059 perii
637 1989 869 2043 Romani
895 1986 1256 2057 metropolis;
1279 2001 1380 2040 nec
1408 1984 1682 2040 recordati
1709 1991 1860 2044 sunt.
1886 1982 2034 2053 quod

465 2082 589 2135 illos
639 2088 823 2145 antea,
871 2094 999 2134 cum
1054 2078 1120 2133 ad
1173 2093 1270 2135 eos
1319 2078 1654 2141 scriberent,
1701 2074 2038 2145 apostolicos

465 2174 615 2229 viros
645 2181 926 2229 vocarent.
973 2192 993 2225 ι

2143 1980 2321 2051 ταύτῃ
2352 1979 2445 2032 τὸν
2477 1978 2734 2043 πάππαν,
2786 1981 2863 2040 ώς
2904 1979 2999 2031 καὶ
3046 1978 3137 2031 τὸν
3186 1979 3364 2047 μέγαν
3408 1979 3701 2029 Ἀθανάσιον

2148 2076 2205 2129 ἐν
2242 2078 2308 2142 τῇ
2368 2073 2631 2142 ἐπιστολῇ
2686 2074 2799 2135 τοῖς
2856 2070 3175 2140 ἁπανταχοῦ
3226 2073 3322 2124 τὴν
3365 2071 3568 2140 μονήρη
3602 2068 3700 2137 βίον

2148 2166 2406 2231 ἀσκοῦσι,
2439 2164 2638 2232 λέγειν·
2682 2182 2700 2215 ι
2740 2165 2847 2217 Καὶ
2869 2164 2977 2235 γὰρ
2996 2162 3117 2216 οὐδὲ
3176 2162 3432 2233 Διδερίου
3482 2161 3570 2214 τοῦ
3599 2163 3701 2213 ἐπι-

472 2264 681 2316 σκόπου
728 2263 952 2334 Ῥώμης
978 2263 1119 2317 κατὰ
1138 2263 1238 2334 τὴν
1260 2264 1434 2335 ἀρχὴν
1458 2263 1768 2332 ἐφείσαντο,
1824 2261 1962 2315 ἀλλά
2021 2260 2116 2313 καὶ
2156 2259 2317 2330 μέχρι
2356 2258 2466 2308 τῶν
2496 2258 2609 2307 ἐκεῖ
2637 2257 2737 2323 τὴν
2765 2258 2963 2324 μανίαν
3014 2256 3302 2320 ἐξέτεινον·
3379 2257 3472 2309 καὶ
3492 2255 3582 2322 οὐχ
3631 2257 3701 2307 ὅτι

477 2356 841 2419 ἀποστολικός
874 2357 992 2408 ἐστι
1029 2356 1219 2425 θρόνος
1272 2356 1609 2427 ᾐδέσθησαν,
1666 2352 1781 2410 οὐδ’
1819 2357 1902 2411 ὃτι
1958 2352 2292 2425 μητρόπολις
2367 2352 2401 2419 ἠ
2440 2349 2626 2418 Ῥώμη
2697 2349 2797 2417 τῆς
2862 2349 3155 2417 Ῥωμαίων
3223 2350 3375 2403 ἐστὶν
3425 2351 3703 2420 εὐλαδήθη-

469 2470 590 2505 σαν·
624 2452 734 2504 οὐδ’
767 2451 852 2506 ὅτι
905 2452 1176 2521 πρότερον
1215 2452 1621 2516 ἀποπολικοῦς
1681 2453 1880 2522 ἀνδρας
1914 2453 2222 2522 γράφοντες
2256 2448 2570 2517 εἰρήκασιν.
2601 2447 3039 2516 ἐμνημόνευσαν.
3083 2463 3102 2498 ι

542 2547 733 2614 Itaque
785 2561 913 2603 cum
950 2555 1104 2601 tanta
1147 2547 1223 2603 sit
1271 2546 1607 2615 ditierentia,
1639 2564 1747 2619 qua
1784 2548 2048 2603 tribuitur

473 2636 767 2707 apostolici
816 2636 1117 2707 appellatio
1168 2637 1548 2693 Orientalibus
1598 2647 1656 2693 et
1710 2654 1883 2708 papa,
1947 2654 2048 2693 cur

472 2729 614 2783 dicis
644 2729 727 2784 vel
758 2742 953 2784 omnes
975 2728 1204 2798 aaqualis
1222 2745 1347 2785 esse
1384 2730 1589 2785 debere
1616 2729 1902 2801 dignitatis
1921 2744 2047 2785 cum

476 2823 722 2876 ltomana
755 2821 907 2887 sede,
939 2821 1025 2876 vel
1058 2836 1161 2877 nec
1206 2821 1509 2877 Romanam
1542 2822 1732 2878 sedem
1757 2822 2046 2888 excellere,

477 2914 606 2968 dum
636 2913 756 2967 tieri
779 2928 888 2966 non
916 2922 1096 2982 potest
1135 2920 1195 2968 ut
1237 2928 1534 2969 commune
1568 2923 1812 2970 transeat
1844 2915 1900 2968 in
1931 2915 2046 2983 pri-

475 3003 699 3059 vatum?
749 3004 1007 3070 Quaenam
1041 3005 1430 3072 communitas,
1466 3005 1513 3061 si
1540 3006 1693 3062 solus
1730 3006 1862 3062 olim
1906 3020 2046 3076 papa

477 3100 580 3153 boc
623 3097 888 3160 habebat,
931 3096 1135 3153 deinde
1181 3098 1308 3152 aliis
1353 3098 1441 3151 vis
1482 3098 1703 3153 tandem
1753 3112 2048 3152 commune

478 3192 706 3254 factum,
736 3189 900 3244 aliter
954 3204 1128 3260 papae,
1163 3189 1327 3244 aliter
1378 3189 1714 3260 patriarchis
1748 3189 2051 3245 tribuitur?

2220 2547 2384 2598 Ὥστε
2418 2542 2693 2614 τοσαύτης
2722 2541 2888 2611 οῦσης
2915 2544 3015 2612 τῆς
3038 2543 3330 2615 διαφορᾶς,
3355 2544 3599 2617 καθ’ἢνή
3620 2543 3698 2595 τοῦ

2147 2635 2511 2692 ἀποστολικοῦ
2532 2634 2886 2705 προσηγορία
2931 2635 3026 2689 καὶ
3064 2638 3177 2699 τοῖς
3214 2637 3552 2700 ἀνατολικοῖς
3584 2638 3702 2688 dno-

2144 2733 2375 2801 νέμεται
2404 2732 2499 2783 καὶ
2531 2729 2609 2800 τῷ
2640 2730 2860 2799 πάππα,
2892 2729 3009 2792 πῶς
3067 2729 3270 2798 λέγεις,
3335 2731 3417 2784 ὅτι
3444 2729 3476 2800 ἢ
3520 2730 3703 2789 πάντας

2146 2826 2225 2878 δεῖ
2258 2823 2544 2889 ἀξιοῦσθαι
2569 2823 2677 2876 τῶν
2704 2824 2838 2876 ίσων
2870 2822 2949 2894 τῷ
3005 2822 3227 2893 Ῥώμης
3261 2822 3459 2893 θρόνῳ,
3510 2821 3543 2893 ἢ
3587 2819 3702 2892 μηδὲ

2149 2921 2240 2973 τδν
2282 2918 2501 2988 Ῥώμης
2526 2917 2719 2989 θρόνον
2762 2917 2911 2987 ἔχειν
2964 2916 3025 2968 τὸ
3058 2917 3360 2985 ἐξαίρετον,
3412 2918 3512 2980 ἓως
3548 2916 3609 2969 ἂν
3655 2914 3705 2966 τὸ

2124 2998 2329 3065 ’κοινὸν
2366 3011 2500 3063 ῐδιον
2534 3010 2789 3078 γενέσθαι
2843 3010 3028 3081 χώραν
3074 3011 3171 3080 οὐχ
3207 3009 3308 3081 ἔχη
3332 3026 3348 3077 ;
3376 3010 3509 3061 Ποία
3552 3006 3706 3060 κοινὸ-

2152 3121 2272 3170 της,
2306 3106 2354 3155 εί
2390 3105 2549 3171 μόνος
2579 3097 2692 3172 εἶχε
2718 3102 2885 3154 πάλαι
2920 3102 3081 3155 τοῦτο
3107 3103 3135 3154 ὁ
3166 3103 3426 3167 πάππας,
3484 3097 3594 3153 εἶτα
3619 3097 3705 3167 ὀψὲ

2151 3197 2250 3249 καὶ
2287 3195 2444 3264 μόγις
2471 3194 2734 3249 κοινωθὲν
2792 3195 2968 3259 ἄλλως
3020 3196 3335 3249 ἀποδίδοται
3384 3196 3461 3264 τῷ
3499 3196 3702 3264 πάππα,

476 3284 747 3338 Caeterum
780 3281 837 3335 in
868 3281 972 3335 hoc
996 3282 1181 3351 aliqua
1207 3291 1433 3349 apparet
1464 3280 1874 3347 convenientia;
1898 3279 2045 3351 quod

2151 3286 2442 3349 καὶᾶλλως
2468 3289 2585 3349 τοῖς
2642 3287 3051 3358 πατριάρχαις;
3099 3289 3210 3341 Καὶ
3259 3287 3421 3341 τοῦτο
3468 3288 3563 3356 μὲν
3587 3286 3706 3345 ὅλως

480 3389 611 3429 vero
639 3372 1296 3443 Constantinopolitanus
1324 3373 1727 3428 meumenicum
1752 3389 1811 3428 se
1836 3373 2045 3428 inscri-

2153 3376 2347 3444 γέγονε
2375 3376 2519 3429 κατά
2546 3394 2668 3429 τινα
2707 3378 3045 3447 φαινομένην
3066 3378 3414 3434 ἀκολουθίαν·
3479 3378 3633 3431 πόθεν
3657 3376 3705 3428 δὲ

482 3469 594 3530 bat,
644 3480 765 3533 qua:
809 3464 974 3526 ratio,
1010 3480 1132 3534 qua:
1161 3463 1587 3521 convenientia?
1615 3466 1699 3521 An
1742 3466 1871 3534 quia
1909 3465 2055 3519 Con-

478 3558 868 3624 stantinoimlis
894 3573 1034 3612 nova
1068 3559 1279 3614 Roma?
1303 3559 1372 3615 At
1401 3560 1512 3615 Leo
1546 3576 1682 3631 papa
1714 3560 1962 3615 scribens
1983 3559 2051 3613 ad

481 3653 822 3706 Marcianum
872 3650 1181 3722 Augustum
1222 3652 1542 3708 clamabat:
1588 3671 1606 3705 ι
1648 3653 1859 3707 Habeat
1909 3651 2052 3707 sicut

480 3757 760 3817 Optamus,
780 3744 1389 3816 Constantinopolitana
1407 3747 1601 3801 civitas
1620 3747 1849 3817 gloriam
1870 3761 2051 3813 suam;

480 3837 585 3890 alia
621 3846 807 3891 tamen
841 3822 982 3890 ratio
1010 3850 1098 3891 est
1144 3851 1331 3890 rerum
1369 3836 1739 3899 samularium,
1774 3836 1881 3888 alia
1911 3834 2055 3889 divi-

480 3944 696 3984 narum.
735 3928 847 3983 Nec
881 3936 1083 3999 praeter
1136 3930 1284 3984 illam
1333 3937 1544 3999 petram
1578 3943 1744 3999 quam
1788 3926 2054 3985 Dominus

422 4028 447 4045 "
482 4026 537 4079 in
562 4024 928 4089 fundamento
951 4024 1156 4096 posuit,
1182 4023 1396 4080 stabilis
1418 4022 1526 4081 erit
1552 4021 1659 4078 ulla
1690 4023 2053 4079 constructio.

482 4114 709 4185 Propria
768 4114 975 4185 perdit,
1018 4114 1115 4185 qui
1164 4113 1410 4169 indebita
1462 4111 1824 4182 concupiscit.
1876 4131 1894 4163 ι
1931 4113 2053 4167 Alia

480 4220 585 4272 est,
619 4208 823 4278 inquit,
852 4208 992 4261 ratio
1025 4205 1403 4273 saecularium,
1432 4207 1542 4260 alia
1571 4205 1907 4261 divinorum.
1945 4205 2055 4259 lta-

2156 3467 2250 3521 καὶ
2283 3468 2349 3520 ἐκ
2416 3467 2580 3531 ποίας
2619 3468 2939 3532 ἀκολουθίας
3004 3468 3184 3539 ἐαυτῷ
3242 3472 3599 3543 προσήρπασε
3627 3466 3711 3538 τὴν

2153 3559 2252 3612 τοῦ
2271 3560 2653 3629 οἱκουμενικοῦ
2681 3562 2996 3632 ἐπιγραφὴν
3015 3565 3042 3616 ὀ
3060 3564 3675 3624 Κωνσταντινουπόλεως
3696 3577 3708 3625 ;

2157 3653 2257 3705 Διά
2297 3653 2358 3705 τὸ
2390 3649 2535 3707 εἶναι
2556 3655 2656 3723 τὴν
2686 3655 3265 3709 Κωνσταντινούπολιν
3302 3656 3430 3711 νέαν
3470 3655 3671 3725 Ῥώμην
3698 3670 3710 3717 ;

2170 3744 2312 3797 Ἀλλ’
2342 3744 2471 3799 ἐϐόα
2520 3746 2672 3798 Λέων
2703 3748 2733 3799 ό
2768 3748 3003 3811 πάππας
3045 3750 3360 3821 Μαρκιανῷ
3404 3749 3481 3819 τῷ
3529 3745 3715 3815 Αὐγού-

2158 3836 2271 3905 στῷ
2299 3838 2651 3891 ἐπιστέλλων·
2686 3857 2706 3891 ι
2757 3839 2978 3910 Ἐχέτω,
3005 3841 3033 3893 δ
3060 3841 3357 3911 ποθοῦμεν,
3386 3844 3416 3912 ἡ
3448 3843 3714 3895 Κώνσταν-

2157 3929 2464 3994 τινούπολις
2521 3930 2623 3999 τὴν
2685 3933 2888 4002 ἑαυτῆς
2936 3933 3118 4000 δόξαν·
3185 3934 3303 3988 ἀλλ’
3344 3936 3527 4005 ἔτερος
3575 3933 3715 3998 λόγος

2158 4022 2277 4073 ἐστὶ
2309 4021 2419 4076 τῶν
2446 4024 2751 4091 κοσμικών,
2815 4026 2913 4079 καὶ
2942 4026 3131 4096 ἕτερος
3173 4028 3287 4082 τῶν
3347 4028 3528 4081 θείων·
3578 4023 3715 4093 παρὰ

2159 4114 2269 4182 γὰρ
2293 4112 2390 4183 τὴν
2419 4118 2648 4184 πέτραν,
2685 4118 2751 4187 ἣν
2809 4118 2837 4170 ὀ
2890 4118 3094 4188 Κύριος
3148 4122 3207 4173 ἐν
3270 4121 3506 4191 θεμελίῳ
3557 4119 3714 4179 ἔθετο.

2158 4205 2382 4275 οὐδεμία
2409 4211 2674 4280 στάσιμος
2707 4212 2857 4264 ἔσται
2888 4213 3167 4284 οἰκοδομή.
3231 4215 3353 4267 Τῶν
3393 4213 3602 4266 οἰκείων
3639 4212 3716 4262 ἐκ·

488 4314 593 4367 que
646 4309 1034 4369 argumentum
1080 4298 1213 4353 illud
1246 4313 1355 4353 non
1400 4297 1583 4353 valet:
1637 4296 1915 4354 Honorata
1953 4297 2045 4351 fuit

2162 4298 2351 4350 πίπτει
2394 4299 2422 4350 ὀ
2453 4298 2563 4352 τῶν
2581 4301 2873 4355 ἀνοικείων
2900 4303 3200 4373 ἐφιέμενος.
3231 4322 3249 4354 ι
3294 4304 3547 4374 Ἕτερος,
3576 4303 3713 4372 φησὶν

481 4388 994 4458 Constantinopolis
1041 4386 1279 4458 imperio
1315 4393 1372 4441 et
1413 4396 1630 4451 senatu,
1668 4385 1871 4441 habeat
1924 4399 2045 4455 ergo

2161 4389 2319 4458 λόγος
2344 4391 2452 4443 τῶν
2484 4393 2579 4446 τοῦ
2626 4395 2856 4463 κόσμου,
2920 4399 3015 4449 καὶ
3046 4396 3154 4449 τῶν
3191 4397 3353 4451 θείων
3384 4399 3589 4468 ἕτερος·
3631 4396 3717 4461 οὔχ

483 4497 609 4536 cum
663 4482 882 4535 seniore
914 4479 1087 4536 Roma
1122 4479 1350 4549 aequalia
1399 4478 1711 4549 privilegia.
1747 4478 1869 4533 Non
1908 4479 2045 4532 enim

2163 4481 2319 4551 ὑγιὴς
2345 4484 2454 4553 ἄρα
2479 4486 2511 4554 ἡ
2537 4483 2779 4557 δύναμις¹
2796 4486 2889 4539 τοῦ
2919 4487 3377 4557 ἐπιχειρήματος·
3432 4486 3717 4556 Τετίμηται

484 4579 752 4633 tundatur
777 4577 1016 4632 senioris
1049 4576 1238 4632 Roma:
1290 4576 1559 4645 primatus
1600 4573 1836 4641 imperio
1885 4581 1941 4627 et
1974 4588 2045 4635 se

2162 4575 2196 4644 ἠ
2226 4576 2808 4641 Κωνσταντιίούπολις
2840 4579 3085 4650 βασιλείᾳ
3129 4582 3221 4634 καὶ
3254 4581 3551 4649 συγκλήτῳ
3573 4595 3585 4609 ·
3621 4578 3717 4644 ἀρα

484 4673 640 4727 natu,
666 4674 723 4717 ut
747 4664 925 4735 inquit
945 4663 1004 4720 Β.
1029 4663 1161 4724 Leo.
1189 4662 1284 4719 sed
1315 4661 1408 4717 illa
1430 4672 1586 4732 petra
1605 4676 1769 4732 quam
1792 4660 2045 4717 Dominut

2162 4668 2271 4720 τῶν
2298 4670 2433 4722 ῐσων
2481 4670 2805 4724 ἀπολαυέτω
2836 4673 2903 4741 τῇ
2957 4671 3314 4743 πρεσϐυτέρᾳ
3381 4672 3568 4740 Ῥώμῃ
3602 4682 3719 4735 πρε·

487 4756 541 4810 in
571 4756 935 4813 fundamento
962 4756 1171 4827 posuit.

2166 4759 2387 4813 σσείων·
2427 4763 2489 4815 οὺ
2536 4762 2646 4833 γὰρ
2684 4764 2892 4833 ἶδρυται
2940 4764 3041 4830 τῆς
3094 4741 3474 4833 πρεσϐυτέρας
3517 4760 3718 4825 Ῥώμης

490 4855 545 4904 τὸ
578 4856 985 4923 πρεσεείονέπὶ
1012 4856 1082 4925 τῇ
1133 4851 1384 4924 βασιλείᾳ
1442 4851 1538 4905 καὶ
1602 4853 1670 4921 τῇ
1740 4849 2053 4927 συγκλήτῳ,
2172 4872 2338 4927 φησιν
2394 4860 2423 4911 ὁ
2465 4859 2736 4930 μακάριος
2784 4860 2957 4925 Λέων,
3019 4858 3251 4912 ἀλλ’ἐπὶ
3298 4861 3366 4930 τῇ
3404 4863 3575 4931 πέτρᾳ
3612 4853 3718 4924 ἠνό

490 4948 695 5023 Κύριος
720 4952 775 5002 έν
809 4950 1048 5020 θεμελίῳ
1070 4948 1242 5002 ἔθετο.

558 5045 797 5100 Omnino
841 5052 1025 5096 autem
1063 5042 1157 5109 qui
1196 5040 1311 5095 ﬁeri
1346 5051 1529 5111 potest
1564 5049 1625 5096 ut
1652 5039 1763 5096 duo
1795 5039 1911 5099 sint
1941 5043 2045 5112 epit

2239 5046 2364 5109 Πῶς
2388 5045 2442 5097 δὲ
2470 5044 2608 5107 ὅλως
2632 5045 2859 5098 δυνατὸν
2878 5044 2973 5097 δύο
3003 5040 3144 5098 εἶναι
3167 5044 3578 5113 σίκοδμενικοὺς
3606 5043 3720 5093 ἐπι-

487 5140 636 5207 scopi
669 5132 1038 5192 (ecumeirici?
1065 5132 1200 5186 Nam
1224 5132 1373 5201 quod
1399 5132 1569 5188 refert
1594 5132 2045 5189 Bibliothecariut

2167 5139 2441 5202 σκόπους;
2482 5140 2548 5191 Ὃ
2582 5139 2691 5209 γάρ
2722 5154 2890 5208 φησιν
2922 5137 2953 5190 ὁ
2986 5135 3342 5206 βιϐλιοφύλαξ
3386 5134 3718 5192 Ἀναστάσιος

486 5230 835 5291 Anastasius,
872 5227 927 5280 in
958 5225 1045 5279 sui
1075 5224 1454 5280 defensionem
1488 5225 1809 5298 responderi
1842 5242 1873 5280 a
1912 5225 2045 5283 Crte

2167 5227 2318 5297 παρὰ
2349 5228 2455 5279 τῶν
2489 5230 2545 5279 ἐν
2584 5228 3157 5281 Κώνσταντινουπόλει
3200 5228 3607 5298 προφερόμενον
3650 5225 3720 5285 εἰς

487 5326 563 5379 υἱέ
596 5323 694 5391 (i),
742 5317 889 5386 quod
934 5332 1043 5370 non
1102 5315 1173 5369 ita
1220 5325 1448 5370 vocetur
1493 5318 1877 5374 mcuntenicus
1918 5316 2045 5373 Con-

2163 5322 2464 5388 ἀπολογίαν
2492 5322 2573 5373 ὅτι
2605 5320 2704 5390 οὐχ
2746 5318 2919 5381 οὕτως
2954 5319 3331 5387 οίκουμενικδς
3378 5322 3408 5372 ὸ
3451 5321 3722 5372 Κώνσταν-

486 5413 1037 5480 stantinopolitanus.
1073 5418 1131 5463 ut
1175 5408 1417 5463 universi
1456 5408 1607 5463 orbis
1644 5419 1830 5464 teneat
1853 5424 2063 5480 praesu-

490 5509 681 5565 latum.
734 5504 828 5557 scd
878 5500 1024 5571 quod
1068 5500 1293 5569 quidam
1321 5499 1465 5571 parti
1515 5500 1665 5554 orbis
1712 5500 1900 5568 praesit
1939 5515 2062 5569 quae

484 5612 513 5665 ο
544 5595 868 5650 Christianis
896 5592 1199 5647 inhabitata
1230 5599 1461 5645 vocatur
1494 5604 1798 5653 a'cumene;
1827 5588 1955 5654 hoc,
1980 5589 2064 5642 in-

487 5703 672 5754 quam,
709 5688 993 5741 inventum
1045 5702 1151 5739 non
1199 5684 1345 5739 εει·ίο
1383 5693 1689 5753 agentium,
1735 5687 1830 5737 sed
1864 5683 2062 5738 luden-

559 5819 635 5886 (l)
668 5820 724 5874 in
750 5820 1067 5891 praefatione
1093 5836 1165 5875 vn
1191 5836 1310 5889 syn.
1345 5823 1408 5872 ad
1434 5819 1590 5873 Joan.
1637 5835 1749 5873 mt.

2166 5413 2551 5479 τινουπόλεως,
2586 5413 2660 5474 ὡς
2706 5404 2847 5464 εἶναι
2892 5412 2991 5480 τῆς
3036 5412 3268 5465 καθόλου
3316 5411 3577 5481 πρόεδρτς
3614 5408 3722 5461 ‘Ea-

2166 5504 2417 5572 κλησίας,
2448 5505 2562 5558 ἀλλ’
2595 5505 2679 5557 ὅτι
2712 5504 2913 5574 μέρους
2941 5504 3115 5568 τινος,
3141 5503 3169 5556 δ
3203 5504 3352 5573 παρά
3390 5499 3722 5573 Χριστιανῶν

2166 5596 2487 5667 οίκοὺμιινον
2530 5595 2851 5664 οἰκουμένη
2901 5596 3143 5649 καλεῖται
3173 5610 3187 5624 ·
3224 5595 3403 5659 τοῦτο,
3456 5593 3616 5664 φημὶ,
3665 5589 3721 5639 τὸ

2169 5686 2506 5757 παρεύρημα
2524 5686 2831 5750 παιζόντων
2862 5685 2927 5739 ἂν
2950 5686 3036 5754 εῐη
3067 5686 3135 5739 τὰ
3163 5687 3301 5751 θεία,
3324 5685 3384 5738 οὺ
3407 5679 3723 5745 σπουδαζόν-
