4048 6464
486 417 590 483 845

1793 417 2225 484 llEFUTATiO
2268 417 2451 478 NlLl.

3566 418 3571 422 ’
3636 412 3742 478 8¹ι6

482 547 622 584 των.
652 533 765 602 Οὐχ
798 531 972 598 οὕτως
1007 535 1263 601 ἐξέλαϐον
1293 536 1394 604 τὴν
1421 535 1606 607 φωνὴν
1635 534 1686 587 οἱ
1719 531 1893 588 πολλὰ
1941 548 2040 583 κατ

2170 529 2307 582 tium
2337 537 2423 582 est
2457 526 2513 580 in
2539 525 2760 580 divinis.
2793 524 2911 580 Non
2947 525 3022 581 ita
3054 540 3245 582 vocem
3279 525 3420 580 hanc
3457 527 3740 587 intellexe-

483 622 703 693 ἐκείνης
727 624 1064 694 ἀθλήσαντις
1085 628 1363 698 ἀρχιερεῖς
1382 631 1480 698 τῆς
1503 626 1747 698 Ῥώμης,
1768 625 2056 693 Πελάγιοςι

482 716 576 769 καὶ
608 716 910 789 Γρηγόριος
938 721 966 773 ό
1008 721 1288 789 Διάλογος
1325 721 1437 776 οὐδ’
1480 722 1835 792 ἡρμήνευσαν
1882 720 2056 782 οὕτως

480 809 531 860 οι
586 810 685 877 τὴν
736 811 923 880 φωνὴν
973 810 1178 880 ταύτην
1225 814 1436 882 πρῶτοι
1482 814 1902 882 ἑφαρπάσαντες
1953 830 2059 866 πα-

478 900 779 970 τριάρχαι.
829 902 1086 975 Ἰωάννης
1133 905 1163 957 δ
1211 907 1534 975 Νηστευτὴς
1585 905 1680 959 καὶ
1736 904 2053 975 Κυριακόςο

478 991 597 1046 ἀλλ’
624 995 1046 1064 οἱκουμενικοὺς
1077 997 1394 1066 ἐπέγραφον
1425 997 1654 1059 ἑαυτοὺς
1691 993 2055 1065 καταχρώμε-

476 1099 561 1136 νοι
588 1083 668 1154 τῷ
700 1087 1110 1157 σημαινομένον
1144 1088 1240 1140 καὶ
1269 1087 1345 1150 ὥς
1380 1105 1547 1157 φησιν
1576 1090 1605 1142 ό
1633 1086 1887 1155 Διάλογος
1916 1085 2056 1155 γρά-

478 1193 597 1244 φων
645 1178 984 1249 Ἀναστασίῳ
1030 1179 1109 1249 τῷ
1147 1181 1519 1251 Ἀντιοχείας·
1549 1181 1825 1251 Τοιαύτην
1871 1180 2055 1234 αἰτίαν

475 1272 867 1341 παρεχόμενοι,
904 1271 1048 1326 ὥστε
1090 1274 1140 1325 εί
1186 1272 1416 1343 ταύτην,
1452 1274 1639 1343 φησιν,
1685 1272 1930 1340 εὐμενῶς
1960 1271 2055 1339 φέ-

478 1378 670 1430 ρομεν,
698 1363 799 1432 τῆς
832 1364 1063 1417 καθόλου
1102 1364 1436 1434 Ἐκκλησίας
1472 1364 1570 1434 τὴν
1615 1365 1802 1417 πίστιν
1832 1362 2055 1435 φθείρο-

478 1472 597 1523 μεν.
631 1456 741 1507 Καὶ
773 1456 873 1509 οὐκ
904 1457 1051 1510 ἔστιν
1078 1458 1214 1511 ὅπου
1263 1457 1393 1528 περὶ
1434 1458 1536 1529 τῆς
1578 1457 1768 1527 φωνῆς
1800 1456 2050 1526 γράφων.

475 1548 676 1617 συχνὰς
699 1549 757 1601 δὲ
781 1567 848 1602 πε
858 1550 912 1618 pl
937 1549 1143 1620 ταύτης
1165 1550 1367 1604 ἔδωκεν
1390 1550 1703 1617 ἐπιστολὰς,
1721 1552 1821 1603 οὐκ
1846 1549 2049 1612 ἀθετεῖ,

470 1643 569 1693 καὶ
601 1642 970 1696 ἀποδάλλεται
1000 1644 1077 1708 ὼς
1106 1644 1359 1715 βέϐηλον.
1387 1643 1464 1706 ὡς
1491 1641 1652 1713 ῦόριν
1676 1643 1776 1711 τῆς
1821 1642 2052 1714 Ἐκκλη-

471 1733 617 1797 σίας,
651 1733 729 1796 ὡς
760 1735 1018 1801 μεγάλων
1048 1735 1312 1806 ἀφορμὴν
1343 1734 1685 1798 σκανδάλων,
1728 1731 2051 1797 ἀλαζονείας

472 1828 700 1895 μεστὴν,
735 1825 827 1880 τοῦ
863 1828 1237 1898 Ἀντιχρίστου
1269 1828 1608 1899 πρόδρομον,
1639 1825 1922 1881 ἀπώλειαν
1949 1825 2051 1895 τῆς

469 1919 734 1985 πίστεως,
770 1921 1016 1987 ἀνοσίαν,
1053 1920 1446 1989 ἀντιλέγουσαν
1476 1919 1556 1990 τῷ
1587 1919 1906 1989 Εὑαγγελίῳ
1953 1919 2047 1971 καὶ

467 2009 582 2070 τοῖς
619 2008 786 2078 ἱεροῖς
822 2011 1068 2078 κανόσιν,
1102 2011 1481 2083 ⁸ἀλλοτρίοισιν
1515 2012 1617 2083 τῆς
1651 2012 1913 2078 πίστεως,
1950 2012 2048 2066 καὶ

467 2101 744 2155 οίκείωσιν
776 2103 1068 2175 αἱρέσεως,
1115 2105 1283 2175 φησιν
1333 2106 1394 2159 ιν
1447 2107 1513 2177 τῇ
1560 2104 1792 2177 δευτέρᾳ
1845 2103 2045 2176 πράξει

465 2196 568 2267 τῆς
606 2196 845 2268 ἑϐδόμης
880 2196 1102 2259 συνόδου
1137 2200 1167 2252 ό
1193 2198 1428 2263 πάπποις
1470 2197 1775 2270 Ἀδριανός.

1117 2493 1397 2551 NEtAoz.
1670 2473 1683 2509 ‘

539 2623 561 2658 r
603 2607 661 2661 '0
697 2607 754 2661 δὲ
774 2608 1051 2678 μακάριος
1071 2609 1464 2685 Χρυσόστομος
1487 2616 1713 2671 καὶτῶν
1736 2617 2040 2689 ἀρχιερέων

460 2695 696 2750 ἕκαστον
746 2698 808 2751 ὲν
865 2698 942 2770 τῷ
974 2698 1070 2752 τοῦ
1103 2702 1343 2771 Χριστοῦ
1373 2704 1551 2778 θρόνῳ
1591 2706 1814 2760 καθίσαι
1866 2706 2036 2776 λέγει,

463 2787 658 2861 ὥσπερ
679 2792 805 2853 τοὺς
836 2793 1099 2861 νομικοὺς
1124 2795 1305 2863 ἱερέας
1331 2797 1425 2853 ἰπὶ
1445 2797 1540 2851 τοῦ
1561 2797 1750 2869 θρόνου
1768 2798 2036 2864 Μωσέως.

464 2880 633 2936 Ὥστε
661 2882 724 2935 οὗ
749 2882 893 2952 μέγα
926 2884 1003 2955 τῷ
1041 2885 1264 2959 Ῥώμης
1296 2889 1471 2961 θρόνῳ
1492 2889 1553 2943 τὸ
1582 2890 1734 2963 παρὰ
1758 2892 1870 2944 τῶν
1894 2893 2038 2948 ἀπο·

463 2973 667 3028 στόλων
700 2975 1008 3045 καλεῖσθαι,
1040 2979 1278 3033 ἑκάστου
1315 2981 1426 3034 τῶν
1453 2982 1770 3038 ἐπισκόπων
1810 2984 1905 3037 ἐπὶ
1939 2982 2035 3038 τοῦ

454 3054 655 3134 ’θρόνου
679 3065 774 3121 τοῦ
810 3067 1055 3138 Χριστοῦ
1091 3069 1433 3140 καθημένου.
1472 3091 1492 3124 ι

1026 3185 1464 3245 ΑΝΤῘΡΡΗΣΙΣ.

543 3293 831 3363 ’Δνωτέρω
885 3296 986 3367 μὲν
1035 3298 1225 3367 ἔλεγες
1275 3300 1510 3379 ἕκαστον
1564 3303 1674 3356 τῶν
1726 3305 2034 3361 καθολικῶν

458 3383 666 3455 θρόνων
701 3386 1063 3441 ἀποστολικδν
1088 3387 1478 3457 ὀνομάζεσθαι,
1513 3390 1654 3445 ὥστε
1677 3391 1768 3445 τὸν
1799 3394 2033 3449 πάππαν

459 3474 629 3543 μηδὲν
674 3473 839 3527 πλέον
867 3474 1016 3545 ἔχειν
1050 3477 1191 3530 κατά
1219 3493 1283 3544 γε
1311 3478 1469 3533 τοῦτο
1497 3481 1638 3551 ὑπὲρ
1673 3482 1801 3546 τοὺς
1835 3484 2032 3538 ἀνατοο

456 3566 643 3630 λικοὺς
674 3568 1024 3637 πατριάρχας
1046 3583 1061 3597 °
1090 3568 1186 3621 νῦν
1213 3570 1270 3624 δὲ
1298 3568 1480 3639 λέγεις
1514 3572 1592 3643 μὴ
1621 3574 1730 3628 τῶν
1764 3592 2033 3647 πατριαρ-

457 3657 570 3727 χῶν
603 3657 787 3727 μόνον,
822 3657 959 3711 ἀλλὰ
993 3660 1088 3713 καὶ
1119 3659 1229 3713 τῶν
1261 3662 1578 3718 ἐπισκόπων
1603 3664 1837 3718 ἑκάστου
1864 3665 2033 3736 μηδὲν

455 3752 619 3804 πλέον
647 3752 795 3820 ἔχειν
837 3753 931 3807 τὸν
961 3755 1219 3818 πάππαν,
1250 3755 1486 3824 ἐπείπερ
1519 3755 1663 3809 κατὰ
1692 3773 1722 3808 τ
1741 3755 1804 3809 δν
1841 3759 2030 3826 μακάο

456 3861 573 3916 ριοι
601 3847 995 3918 Χρυσόστομον
1025 3846 1261 3912 ἕκαστος
1298 3848 1409 3900 τῶν
1441 3847 1762 3901 ἐπισκόπων
1790 3849 2030 3920 κάθηται

456 3940 549 3991 ἐπὶ
581 3939 676 3993 τοῦ
708 3940 900 4009 θρόνου
930 3939 1024 3993 τοῦ
1072 3939 1337 4012 Χριστοῦ·
1378 3942 1473 3995 καὶ
1509 3939 1686 3994 ταῦτα
1720 3940 1895 4017 λέγων
1937 3943 2032 3996 δύο

457 4032 818 4104 ἁμαρτάνεις
846 4029 907 4084 ἓν
944 4031 1064 4102 μὲν,
1094 4031 1179 4085 δτι
1223 4031 1318 4085 τοῦ
1348 4031 1744 4102 Χρυσοστόμου
1774 4033 1834 4087 τὸ
1865 4033 2029 4103 ῥητὸν

453 4123 829 4194 διαστρέφεις·
859 4118 982 4177 εἶτα
1034 4123 1130 4176 καὶ
1179 4122 1365 4193 σαυτῷ
1408 4124 1791 4193 περιπίπτεις.
1833 4125 1919 4179 Ἐν
1948 4120 2029 4189 οἷς

454 4218 567 4284 γὰρ
594 4215 685 4269 τὸν
715 4218 951 4271 πάππαν
999 4214 1381 4281 ὲξευτελὶζεις,
1437 4216 1568 4285 μίαν
1619 4216 2029 4283 ἁπαξαπάντων

451 4308 805 4379 δογματίζεις
837 4309 1083 4378 ἰσότητα,
1117 4310 1276 4379 εἰπερ
1308 4306 1417 4361 τῶν
1446 4309 1768 4362 ἐπισκόπων
1798 4310 2030 4375 ἕκαστος

448 4402 551 4455 ἕνα
582 4399 680 4453 καὶ
706 4401 798 4454 τὸν
847 4400 1169 4477 αὐτὸνίέχει
1216 4400 1312 4453 τοῦ
1359 4400 1601 4471 Χριστοῦ
1650 4400 1872 4470 θρόνον.
1906 4402 2031 4465 Πῶς

453 4496 633 4550 τοίνυν
663 4497 853 4565 ἔλεγες
884 4497 1010 4557 τοὺς
1041 4495 1368 4558 καθολικοὺς
1402 4494 1513 4549 τῶν
1544 4493 1751 4563 θρόνων
1775 4494 1851 4557 ὠς
1883 4496 2030 4560 ἐξαί-

455 4590 610 4661 ρετόν
639 4607 692 4642 τι
732 4589 1018 4643 καλεῖσθαι
1062 4587 1271 4651 πάντας
1321 4586 1759 4653 ἀποστολικούς;
1795 4587 1859 4640 Et
1914 4588 2024 4657 γάρ
2056 4610 2101 4665 ι)

455 4684 644 4751 μεῖζον
692 4681 840 4752 ἔχειν
884 4682 975 4734 τὸν
1039 4679 1279 4749 Χριστοῦ
1336 4680 1548 4752 θρόνον,
1596 4681 2024 4751 ἢάποστολικὸν

454 4771 618 4840 εἶναι,
646 4781 741 4829 καὶ
776 4779 979 4836 πάντες
1009 4777 1059 4828 οἱ
1098 4776 1390 4827 ἐπίσκοποι
1440 4773 1531 4826 τὸν
1565 4772 1804 4843 Χριστοῦ
1835 4774 2026 4843 ἔχουσι

455 4864 669 4937 θρόνον,
699 4866 902 4943 πάντες
951 4866 1061 4935 ἄρα
1100 4866 1162 4918 τὸ
1208 4864 1397 4935 μεῖζον
1436 4865 1645 4934 ἔχουσι,
1694 4866 1790 4918 καὶ
1838 4868 1922 4928 εἰς
1968 4864 2031 4919 τὸ

430 4928 603 5030 ῗοὺδὲν
634 4960 844 5030 οίχεται
889 4965 1032 5014 κατὰ
1068 4959 1128 5013 σὲ
1181 4957 1292 5011 τῶν
1339 4957 1700 5029 πατριαρχῶν
1749 4960 1782 5027 ἡ
1840 4958 2030 5030 προτί-

416 5020 619 5124 ’,μησις
786 5050 848 5103 τὸ
891 5049 1176 5104 καλεῖσθαι
1208 5020 1631 5111 ἀποστολικοῦςῗ.
1664 5020 2025 5117 Διαστρέφεις

450 5146 509 5199 δὲ
528 5144 622 5199 xal.
650 5143 711 5197 τὸ
743 5145 904 5214 ῥητὸν
934 5142 1030 5196 τοῦ
1054 5141 1473 5213 Κρυσοστόμου·
1501 5140 1647 5209 λέγει
1673 5141 1803 5211 γάρ·
1837 5159 1855 5192 ι
1903 5140 2031 5195 Ἐπὶ

451 5238 550 5306 τῆς
575 5237 854 5298 Μωῦσέως
879 5234 1156 5305 καθέδρας
1182 5235 1446 5288 ἐκάθισαν
1477 5234 1525 5286 οἱ
1557 5236 1908 5304 γραμματεῖς
1932 5232 2030 5305 καὶ

452 5329 503 5381 οἱ
554 5329 839 5397 Φαρισαῖοι
869 5341 885 5357 ⁶
928 5325 1025 5380 νῦν
1069 5326 1127 5379 δὲ
1178 5327 1280 5380 οὐκ
1328 5326 1477 5380 ἐστιν
1528 5328 1724 5390 εἰπεῖν,
1768 5326 1895 5378 Ἐπὶ
1927 5326 2027 5396 τῆς

453 5421 737 5484 Μωϋσέως
755 5418 1027 5490 καθέδρας
1051 5418 1317 5472 ἐκάθισαν
1347 5419 1398 5471 οί
1435 5418 1624 5488 ἱερεῖς,
1661 5416 1776 5471 ἀλλ’
1811 5418 1904 5469 ἐπὶ
1928 5417 2029 5486 τῆς

452 5505 548 5559 τοῦ
579 5506 842 5578 Χριστοῦ·
879 5507 978 5577 τὴν
1011 5507 1120 5578 γὰρ
1153 5506 1364 5561 ἐκείνου
1411 5505 1720 5572 διεδέξαντο
1771 5506 2027 5560 διδασκα-

452 5599 596 5652 λίαν.
633 5617 654 5651 ι
706 5602 1111 5670 Ἐξηγουμένου
1139 5600 1320 5654 τοίνυν
1360 5600 1469 5654 ,τοῦ
1509 5600 1903 5672 Χρυσοστόμου
1934 5600 2029 5654 τὸν

455 5692 645 5765 θρόνον
678 5694 758 5757 si;
785 5694 886 5765 τὴν
912 5693 1285 5763 διδασκαλίαν,
1335 5693 1400 5748 σὺ
1449 5693 1750 5765 λαμῦάνεις
1799 5695 1882 5758 εἰς
1927 5691 2032 5761 τὴν

525 5876 603 5949 (ι)
636 5874 752 5931 Lib.
789 5891 856 5941 γι,
889 5890 977 5947 ep.
1009 5861 1103 5931 at.

2169 630 2317 675 runt.
2349 619 2441 688 qui
2473 631 2660 674 contra
2683 633 2806 674 eam
2829 619 3099 675 acerrime
3124 618 3326 674 invecti
3359 633 3486 673 sunt
3506 621 3738 677 Romani

2169 710 2482 781 pontiﬁces,
2518 709 2771 782 Pelagius
2799 720 2855 765 et
2879 710 3179 783 Gregorius
3213 711 3469 782 Dialogus
3498 713 3577 783 (l)
3604 729 3741 780 ;nec

2167 802 2243 855 ita
2295 812 2427 857 sunt
2464 803 2839 872 interpretati,
2873 803 2968 872 qui
3000 803 3164 874 primi
3198 803 3350 859 hunc
3378 806 3602 861 titulum
3633 806 3742 861 sibi

2163 904 2495 966 xii-rogarunt
2534 896 2890 965 patriarchae,
2945 896 3190 953 Joannes
3217 897 3507 966 Jejunator
3535 909 3592 954 et
3636 899 3712 970 Cy
3741 939 3744 942 .

2163 989 2385 1053 riacus;
2438 987 2535 1043 sed
2597 987 2977 1045 meumenicos
3032 1003 3091 1046 se
3142 988 3552 1058 inscripserunt
3607 1006 3741 1046 vero

2160 1083 2459 1137 abutentes
2513 1081 2859 1153 signiﬁcatu;
2892 1091 3083 1153 atque,
3116 1090 3177 1139 ut
3211 1083 3405 1140 scribit
3439 1082 3742 1154 Gregorius

2160 1171 2420 1241 Dialogus
2462 1173 2756 1228 Anastasio
2792 1172 3164 1238 Antiocheuo,
3218 1174 3383 1229 talem
3431 1175 3741 1243 praebentes

2159 1279 2410 1327 causam,
2468 1272 2529 1318 ut
2578 1267 2624 1319 si
2663 1264 2828 1331 hanc,
2881 1265 3085 1333 inquit,
3117 1264 3507 1335 aequanimiter
3552 1274 3741 1334 porta-

2159 1374 2303 1420 mus.
2344 1358 2619 1412 universa:
2653 1356 2920 1412 Ecclesia:
2955 1357 3116 1411 tidem
3149 1372 3573 1427 corrumpamus
3624 1356 3738 1411 Nec

2155 1452 2312 1507 locus
2340 1460 2428 1506 est
2462 1450 2519 1504 in
2559 1463 2669 1518 quo
2705 1448 2773 1504 de
2806 1449 2913 1504 hac
2943 1465 3076 1505 voce
3126 1450 3470 1504 mentionem
3504 1448 3734 1514 faciens,

2158 1544 2481 1615 frequentes
2524 1554 2709 1599 autem
2760 1553 2988 1615 propter
3051 1543 3199 1598 illam
3246 1543 3402 1598 dedit
3446 1542 3732 1611 epistolas,

2156 1654 2280 1694 eam
2314 1654 2425 1693 non
2460 1638 2808 1694 damnaverit
2843 1637 3212 1707 rejeceritque
3239 1644 3299 1690 ut
3331 1634 3641 1707 profanant,
3677 1644 3738 1686 ut

2155 1731 2488 1786 universalis
2533 1730 2795 1786 Ecclesia:
2856 1729 3137 1799 iniuriam,
3173 1737 3234 1784 ut
3264 1743 3588 1798 magnorum
3622 1725 3737 1778 ori-

2154 1818 2335 1889 ginem
2366 1820 2778 1886 scandalurum,
2815 1820 3033 1890 plenam
3069 1817 3369 1890 superbiae,
3404 1813 3731 1871 Antichristi

2152 1926 2578 1983 praecursorem,
2611 1928 2707 1981 per
2736 1928 2902 1983 quam
2954 1912 3089 1967 tldes
3144 1910 3420 1981 perditur,
3452 1917 3513 1963 ut
3548 1906 3727 1963 scele-

2148 2015 2288 2061 stam
2318 2014 2376 2060 et
2404 2007 2877 2062 contradicentem
2906 2004 3206 2076 Evangelia
3241 2002 3524 2073 sacrisque
3557 2017 3730 2056 cano-

2147 2098 2352 2166 nibus;
2389 2114 2520 2170 qua,
2555 2108 2616 2154 ut
2650 2099 2935 2155 Adrianus
2968 2113 3108 2170 papa
3134 2097 3316 2167 inquit
3349 2096 3403 2151 in
3431 2090 3550 2151 s'uis
3579 2096 3729 2149 litte-

2145 2191 2223 2246 ris
2247 2192 2317 2247 ad
2342 2192 2731 2261 imperatores,
2755 2192 2850 2262 qui
2882 2191 3058 2247 utitur
3084 2201 3141 2247 et
3169 2204 3456 2246 assensum
3490 2187 3726 2258 praebet,

2143 2279 2386 2336 alienum
2408 2296 2469 2337 se
2506 2296 2536 2336 a
2578 2282 2682 2338 lide
2717 2280 3050 2349 orthodoxa,
3079 2289 3138 2337 et
3169 2280 3434 2337 rebellem
3467 2275 3726 2334 Ecclesiae

2143 2372 2430 2430 catholicae
2458 2373 2794 2430 manilestat.

2624 2490 2832 2547 NILUS
2871 2489 3028 2562 (Cap.
3063 2487 3231 2559 xxx).

2219 2624 2239 2657 ι
2274 2604 2475 2661 Beatus
2513 2616 2646 2661 vero
2670 2605 2833 2661 Pater
2863 2604 3294 2677 Chrysostomus
3317 2606 3484 2660 etiam
3516 2617 3717 2658 unum-

2142 2713 2421 2769 quemque
2468 2698 2790 2768 episcopum
2846 2701 3047 2754 asserit
3102 2698 3161 2753 in
3207 2696 3471 2753 cathedra
3510 2694 3717 2752 Christi

2140 2785 2368 2851 sedere,
2403 2786 2867 2854 quemadmodum
2919 2787 3125 2858 legales
3168 2786 3485 2842 sacerdotes
3531 2787 3589 2840 in
3631 2800 3720 2839 ca-

2140 2873 2335 2929 thedra
2361 2874 2549 2930 Mosis.
2574 2876 2756 2942 Quare
2784 2893 2891 2932 non
2916 2888 3001 2932 est
3027 2880 3205 2947 magni
3229 2876 3545 2932 faciendum
3569 2877 3718 2946 quod

2138 2966 2326 3022 Roma:
2347 2968 2509 3024 sedes
2532 2978 2757 3024 vocetur
2780 2972 3100 3041 apostolica,
3132 2985 3260 3025 cum
3288 2969 3470 3026 omnis
3499 2969 3718 3039 episco-

2137 3075 2241 3130 pus
2277 3062 2463 3118 sedeat
2497 3063 2554 3118 in
2585 3064 2716 3120 sede
2751 3065 2974 3121 Christi.
3017 3084 3036 3118 ι

2684 3176 3143 3234 CONFUTATIO.

2207 3284 2386 3357 Supra
2418 3283 2663 3351 dicebas,
2713 3287 3018 3358 quamlibet
3066 3288 3457 3361 principalium
3491 3290 3708 3347 sedium

2135 3379 2319 3433 vei-ari
2353 3378 2735 3447 apostolicam,
2770 3389 2831 3434 ut
2869 3396 3030 3450 papa,
3072 3381 3221 3452 quod
3250 3383 3447 3438 attinet
3471 3382 3541 3438 ad
3582 3382 3711 3449 hoc,

2136 3471 2275 3526 nihil
2312 3472 2436 3540 plus
2471 3472 2672 3529 haheat
2702 3488 2870 3543 supra
2900 3484 3131 3530 caeteros
3161 3475 3525 3545 patriarchas.
3551 3476 3712 3533 Nunc

2136 3565 2276 3620 dicis
2341 3580 2537 3636 papam
2589 3582 2702 3622 non
2770 3568 2954 3624 solum
2997 3584 3163 3639 supra
3218 3569 3430 3625 nullum
3484 3571 3715 3641 patriar-

2133 3663 2318 3726 cham,
2342 3660 2438 3715 sed
2474 3678 2655 3731 neque
2701 3677 2867 3733 supra
2894 3663 3205 3733 quemlibet
3237 3665 3557 3735 episcopum
3588 3665 3712 3736 plus

2133 3750 2435 3819 quidquam
2497 3753 2727 3816 habere,
2793 3754 3247 3825 quandoquidem
3292 3758 3448 3829 juxta
3487 3758 3708 3815 beatum

2130 3839 2587 3912 Chrysostomum
2631 3845 2866 3915 quilibet
2900 3847 3195 3918 episcOpus
3225 3849 3384 3903 sedet
3427 3850 3481 3904 in
3524 3853 3713 3908 cathe-

2132 3933 2228 3987 dra
2260 3933 2502 4001 Christi;
2533 3945 2588 3991 et
2622 3936 2740 3992 haec
2762 3938 2952 3993 dicens
2972 3938 3083 3994 duo
3118 3955 3352 4010 peccas:
3383 3943 3564 4012 primo
3589 3944 3711 4013 qui-

2132 4028 2281 4090 dem,
2324 4027 2454 4098 quia
2489 4028 2701 4083 dictum
2750 4027 3128 4100 Chrysostomi
3170 4034 3473 4101 pervertis;
3505 4034 3705 4091 deinde

2130 4131 2185 4174 et
2220 4121 2338 4187 ipse
2370 4128 2550 4176 tecum
2579 4136 2810 4191 pugnas.
2839 4124 2976 4178 Dum
3015 4123 3164 4178 enim
3190 4140 3386 4195 papam
3415 4126 3705 4194 deprimis,

2131 4228 2293 4265 unam
2350 4213 2642 4268 constituis
2687 4214 2935 4269 omnium
2990 4218 3379 4286 a'qualilatem,
3433 4221 3704 4289 siquidem

2130 4304 2423 4373 episcopus
2456 4305 2692 4374 quilibet
2722 4322 2887 4359 unam
2918 4316 2976 4361 et
2998 4308 3245 4363 eamdem
3277 4309 3483 4366 Christi
3517 4314 3704 4368 cathe-

2132 4394 2288 4449 dram
2339 4395 2525 4452 habet.
2573 4398 2861 4464 Quomodo
2910 4399 3075 4470 igitur
3119 4399 3308 4458 aiebas
3359 4406 3702 4477 praecipuum

2129 4487 2237 4544 hoc
2274 4487 2480 4545 habere
2512 4490 2846 4561 principales
2877 4493 3058 4556 sedes,
3090 4495 3237 4565 quod
3270 4510 3466 4552 omnes
3502 4480 3705 4556 vocen-

2129 4589 2220 4634 tur
2256 4581 2625 4650 apostolicae?‘
2650 4580 2707 4637 Si
2753 4583 2902 4639 enim
2935 4585 3059 4654 plus
3096 4597 3203 4651 est,
3260 4586 3464 4645 habere
3498 4590 3703 4647 Christi

2130 4670 2316 4726 sedem
2347 4687 2510 4743 quam
2545 4674 2731 4730 vocari
2753 4676 3138 4745 apostolicum,
3166 4689 3222 4734 et
3245 4694 3437 4734 omnes
3460 4683 3702 4754 episcopi

2129 4760 2334 4816 habent
2389 4762 2710 4818 cathedram
2757 4760 2989 4830 Christi,
3043 4779 3195 4824 certe
3252 4786 3447 4827 omnes
3503 4774 3705 4830 habent

2129 4853 2277 4922 quod
2318 4854 2442 4922 plus
2477 4864 2583 4921 cst,
2613 4869 2671 4909 et
2701 4859 2983 4914 evanescit
3014 4874 3113 4928 per
3157 4870 3209 4916 te
3262 4864 3700 4932 patriarcharum

2131 4932 2512 5016 pra-rogativa,
2564 4948 2712 5017 quod
2759 4962 3027 5006 vocentur
3064 4956 3376 5025 apostolici.
3428 4957 3705 5016 Pervertis

2131 5048 2316 5095 autem
2342 5048 2398 5093 et
2421 5039 2807 5111 Chrysostomi
2835 5045 3062 5101 dictum.
3100 5048 3189 5102 Ait
3240 5051 3387 5104 enim
3420 5070 3433 5105 :
3473 5070 3490 5102 ι
3533 5052 3708 5124 Super

2131 5127 2300 5200 Moysi
2356 5131 2677 5211 cathedram
2711 5135 2977 5193 sederunt
3035 5138 3246 5195 Scribat
3301 5148 3357 5197 et
3416 5142 3704 5209 Pharisaei,

2131 5235 2280 5276 nunc
2309 5238 2438 5278 vero
2466 5239 2577 5279 non
2607 5226 2714 5292 ita;
2760 5242 2941 5299 neque
2987 5232 3135 5285 enim
3178 5246 3349 5300 super
3383 5234 3706 5289 cathedram

2134 5312 2303 5386 Moysi
2330 5315 2593 5371 sederunt
2617 5318 2955 5385 sacerdotes,
3009 5324 3103 5375 sed
3148 5338 3316 5392 super
3360 5324 3567 5380 Christi
3615 5345 3706 5382 se-

2131 5408 2284 5473 dem,
2313 5408 2463 5477 illius
2488 5409 2638 5464 enim
2668 5424 2965 5482 suscepere
2992 5416 3324 5467 doctrinam.
3359 5434 3378 5468 ι
3408 5415 3544 5472 Cum
3570 5432 3707 5488 ergo

2132 5501 2556 5573 Chrysostomus
2592 5502 2910 5559 cathedram
2949 5506 3004 5559 in
3033 5505 3338 5561 doctrinam
3377 5510 3709 5579 interprete-

2134 5606 2242 5664 tur,
2292 5598 2447 5652 tuin
2499 5605 2830 5670 potestatem
2881 5599 3107 5669 accipis.
3153 5599 3345 5669 Itaque
3398 5602 3703 5659 secundum

2130 5687 2507 5762 Chrysostomi
2537 5708 2762 5752 sensum
2794 5694 3061 5751 habemus
3086 5709 3277 5752 verum
3306 5699 3528 5768 dogma,
3557 5699 3709 5772 quod
