4048 6460
423 422 525 481 bis"!

1592 397 1963 460 MATTIMZI
2003 397 2085 455 ca
2106 392 2535 454 nYOPnYLLt
2912 388 2919 405 ’
3331 349 3339 355 ’
3572 390 3662 451 tas

421 552 614 595 omnes
639 531 882 605 episcopi
933 531 1119 586 sedem
1149 527 1354 584 Christi
1392 523 1655 584 habeant,
1688 519 1998 576 doctrinam

2110 513 2380 580 ἐξουσίαν.
2408 513 2518 567 Kal
2546 511 2688 566 κατά
2733 509 2829 582 μιν
2866 511 2966 581 τὴν
3001 509 3216 563 ἔννοιαν
3254 507 3345 563 τοῦ
3380 491 3664 579 ligneos-:6,-

420 631 637 687 scilicet
664 625 1039 695 evangelicum
1072 619 1514 677 disseminantes.
1544 616 1614 670 At
1641 629 1769 668 vero
1807 626 2005 667 secun-

421 724 551 778 dum
595 735 703 774 tua).
754 715 1236 786 interpretationis
1271 710 1690 782 perversitatem
1738 705 2005 760 habemus

420 812 794 880 blasphemam
818 807 1158 876 Opinionem,
1178 801 1324 872 quod
1345 814 1537 853 omnes
1558 796 1798 868 episcopi
1825 808 2006 864 aequa~

418 903 628 957 litatum
685 897 926 952 habeant
977 892 1285 963 dignitatis.
1348 889 1525 945 Porro
1585 886 1717 957 quid
1771 884 2005 940 sentiret

416 998 618 1049 beatus
648 990 811 1045 Pater
835 988 1266 1058 Chrysostomus
1291 983 1359 1037 de
1394 983 1560 1036 Petro
1589 992 1647 1036 et
1668 977 2005 1035 successori-

419 1089 545 1149 bus,
585 1087 753 1139 habes
784 1083 1009 1137 homilia
1052 1081 1120 1133 54
1163 1079 1217 1133 in
1262 1079 1394 1132 Acta
1429 1075 1639 1145 aposto'
1670 1089 1830 1132 .rum.
1868 1074 2001 1124 dttm

416 1183 583 1235 verba
614 1180 703 1233 illa
736 1178 997 1247 explicat,
1023 1173 1087 1228 Ιιι
1115 1172 1295 1226 diebus
1319 1170 1428 1223 illis
1456 1182 1740 1237 exsurgens
1772 1164 1960 1218 Petrus
1984 1179 2001 1217 :

425 1299 442 1328 ι
476 1278 544 1331 Ut
576 1276 817 1335 fervens,
866 1271 1070 1333 inquit,
1101 1277 1155 1322 et
1202 1268 1248 1320 is
1283 1268 1369 1321 cui
1413 1264 1667 1320 Christus
1708 1262 2003 1316 demanda-

416 1379 577 1422 verat
606 1366 766 1419 ovilis
796 1379 1009 1425 curam,
1047 1373 1216 1429 utque
1252 1359 1530 1413 sociorum
1569 1356 1849 1425 princeps,
1885 1353 2001 1420 ipse

419 1478 638 1532 semper
665 1458 910 1529 loquitur
943 1456 1176 1526 primus.
1213 1472 1230 1504 ι
1278 1452 1345 1505 Ει
1385 1450 1526 1503 infra
1560 1469 1571 1502 :
1612 1466 1630 1500 ι
1667 1446 1862 1501 Merito
1886 1446 2002 1514 ipse

418 1574 534 1610 rem
575 1570 701 1609 cum
737 1551 1069 1607 auctoritate
1110 1556 1326 1607 tractat.
1364 1557 1424 1599 ut
1455 1543 1548 1613 qtti
1582 1558 1775 1595 omnes
1811 1539 2004 1593 habuit

419 1651 524 1705 sibi
558 1648 918 1710 commissos;
974 1643 1104 1697 huic
1132 1641 1279 1695 enim
1322 1638 1466 1693 dixit
1504 1635 1760 1690 Christus
1792 1650 1806 1689 ι
1839 1631 1909 1685 Et
1944 1640 2000 1685 tu

420 1743 712 1816 aliquando
743 1753 1023 1793 conversus
1063 1734 1326 1803 conﬁrma
1361 1730 1559 1801 fratres
1590 1726 1766 1781 tuos“.
1806 1727 1873 1779 Et
1905 1728 2003 1778 hu-

425 1835 572 1889 milia
596 1833 657 1887 21
691 1850 704 1885 :
741 1850 758 1882 ι
793 1831 987 1885 l’etrus
1017 1838 1275 1894 tanquam
1302 1821 1581 1877 exercitus
1626 1822 1738 1872 dux
1766 1819 2002 1872 circum-

424 1928 539 1983 ibat
573 1926 741 1987 acies,
771 1934 1024 1991 quaerens
1054 1931 1175 1987 quae
1214 1930 1342 1984 pars
1366 1920 1510 1967 esse:
1541 1913 1677 1965 bene
1720 1917 1999 1979 apparata,

421 2037 546 2092 quae
574 2020 717 2074 bene
752 2017 1049 2073 instructa,
1080 2024 1203 2079 qua:
1228 2007 1505 2075 indigeret
1534 2004 1655 2073 ejus
1687 2002 1997 2073 praesentia.

426 2111 564 2167 Vide
604 2110 810 2179 ubique
861 2107 1038 2175 ipsum
1080 2101 1636 2161 circumcursantem,
1676 2106 1732 2149 et
1763 2095 2001 2164 primum

424 2221 485 2261 se
514 2201 919 2258 ostendentetn.
952 2215 969 2248 ι
1007 2196 1071 2250 Et
1104 2192 1289 2248 infra:
1320 2207 1339 2241 ι
1382 2189 1447 2242 Et
1479 2188 1571 2243 ubi
1601 2187 1825 2258 quidem
1860 2183 2005 2253 peri-

422 2297 631 2361 culum,
656 2300 715 2347 et
752 2287 1113 2363 gubernantis
1156 2283 1473 2354 prudentia,
1522 2281 1595 2335 ibi
1640 2280 1839 2333 Petrus
1861 2264 1883 2342 ;~
1909 2275 2004 2329 ubi

420 2405 558 2445 vero
608 2383 903 2454 tranquilla
958 2379 1179 2442 omnia,
1235 2373 1606 2430 communiter
1658 2384 1871 2425 omnes.
1928 2369 2002 2421 Ita

424 2482 687 2552 majorem
734 2491 844 2532 non
882 2474 1138 2537 exigebat
1186 2471 1475 2525 honorent.
1514 2485 1532 2516 ι
1595 2463 1657 2516 Et
1691 2464 1917 2518 humilia
1952 2463 2005 2515 in

427 2575 696 2630 Joannem
729 2568 820 2631 88,
853 2566 1135 2634 explicans
1183 2559 1315 2614 illud
1348 2558 1609 2629 postremi
1658 2555 1875 2624 capitis,
1913 2553 2009 2607 Hic

425 2678 605 2725 autem
636 2662 803 2734 quid?
837 2677 856 2711 ι
890 2656 1184 2724 Quoniam,
1212 2652 1418 2721 inquit,
1442 2650 1605 2714 Petro
1635 2664 1823 2718 magna
1853 2645 2011 2701 Citri-

424 2773 545 2816 stus
579 2752 853 2827 praedixit,
879 2759 935 2804 et
963 2746 1153 2801 orbem
1193 2755 1464 2799 terrarum
1501 2741 1576 2795 illi
1607 2738 1855 2795 tradidit.
1894 2756 1910 2788 ι
1939 2738 2008 2791 Ει

426 2851 590 2923 paulo
622 2859 751 2901 ante
782 2861 797 2899 :
838 2863 856 2895 ι
887 2840 1026 2896 lluic
1062 2839 1223 2893 l’etro
1250 2835 1542 2890 commissa
1566 2844 1650 2889 cst
1681 2832 2005 2903 pra-lectura

420 2947 681 2998 fratrum.
722 2958 740 2990 ι

2110 625 2213 677 μου
2245 607 2446 676 ἀληθὲς
2475 606 2673 674 ἔχομεν
2702 603 2906 674 δόγμα,
2939 604 3026 657 ὅτι
3058 603 3261 665 πάντες
3293 603 3340 655 οί
3391 603 3666 657 ἐπίσκοποι

2106 702 2196 753 τὸν
2233 700 2473 772 Χριστοῦ
2505 700 2690 769 έχουσι
2716 699 2930 769 θρόνον,
2956 698 3160 767 δηλαδὴ
3193 696 3292 764 τὴν
3322 696 3663 765 εὐαγγελικὴν

2108 793 2429 863 σπείροντες
2484 791 2859 845 διδασκαλίανο
2911 791 3053 844 κατά
3095 789 3151 842 δὲ
3186 788 3285 859 τὴν
3323 787 3666 855 στρεϐλότητα

2105 884 2206 953 τῆς
2250 884 2349 953 σῆς
2385 883 2690 954 ἑρμηνείας
2737 883 3065 953 βλάσφημον
3102 882 3302 952 ἔχομεν
3340 880 3664 946 κακοδοξίαν,

2105 977 2188 1029 ὅτι
2219 979 2422 1039 πάντες
2455 976 2506 1029 οἱ
2542 977 2838 1031 ἐπίσκοποι
2893 979 2993 1045 τὴν
3036 974 3206 1044 αὐτὴν
3259 972 3472 1042 ἔχουσιν
3520 974 3669 1026 ίσοτι-

2109 1068 2261 1137 μίαν.
2295 1063 2396 1121 Οἷα
2430 1068 2488 1121 δὲ
2518 1070 2742 1139 ἐφρόνει
2777 1070 2804 1120 ὁ
2844 1070 3021 1138 μέγας
3066 1068 3256 1136 Πατὴρ
3299 1065 3667 1137 Χρυαόσῖομος

2107 1160 2237 1228 περὶ
2271 1159 2480 1230 Πέτρου
2518 1162 2611 1212 καὶ
2650 1160 2760 1212 τῶν
2791 1157 3249 1228 διαδόχωνέχεις,
3284 1160 3342 1208 ἐν
3382 1160 3444 1225 τῇ
3472 1158 3546 1217 είς
3580 1157 3669 1217 τὰς

2110 1253 2346 1323 Πρὰξεις
2372 1252 2480 1305 τῶν
2509 1253 2830 1305 ἀποστόλων
2856 1252 3049 1321 ὁμιλία
3093 1250 3141 1317 γ’
3179 1252 3258 1314 είς
3291 1252 3465 1302 ἐκεῖνο
3500 1247 3559 1300 τὸ
3582 1252 3669 1317 ρη-

2108 1347 2215 1401 τόν·
2246 1346 2353 1402 Καὶ
2379 1347 2449 1400 ἐν
2467 1346 2596 1412 ταῖς
2622 1345 2871 1414 ἡμέραις
2886 1347 3133 1410 ταύταις
3153 1344 3425 1410 ἀναστὰς
3448 1344 3668 1409 Πέτρος.

2111 1459 2131 1493 ι
2168 1442 2277 1494 Kal
2306 1442 2383 1505 ὡς
2411 1440 2643 1511 θερμὸς,
2678 1440 2836 1510 φησὶ,
2873 1441 2970 1493 καὶ
3006 1439 3082 1502 ὡς
3113 1437 3500 1508 ἑμπστευθεὶς
3533 1436 3672 1505 παρὰ

2104 1533 2348 1603 Χριστοῦ
2397 1532 2497 1601 τὴν
2552 1533 2820 1602 ποίμνην,
2873 1532 2970 1583 καὶ
3003 1530 3078 1593 ὡς
3124 1529 3216 1583 τοῦ
3250 1528 3417 1600 χοροῦ
3448 1527 3668 1597 πρῶτος,

2104 1628 2195 1680 ἀεὶ
2228 1626 2497 1696 πρότερος
2529 1624 2764 1695 ἄρχεται
2799 1623 2893 1676 τοῦ
2920 1624 3106 1691 λόγου.
3138 1643 3157 1675 ι
3212 1623 3325 1675 Καὶ
3365 1621 3669 1688 κατωτέρω·

2112 1737 2131 1769 ι
2157 1717 2402 1780 Εἰκότως
2438 1716 2657 1787 πρῶτος
2687 1715 2783 1769 τοῦ
2817 1716 3151 1785 πράγματος
3177 1714 3431 1767 αὐθεντεῖ
3458 1714 3666 1781 Πέτρος,

2104 1810 2203 1865 ἅτε
2237 1810 2347 1881 γὰρ
2377 1809 2537 1871 αὐτὸς
2571 1809 2786 1870 πάντας
2814 1806 3183 1879 ἐγχειρισθείς
3207 1822 3222 1836 °
3254 1804 3393 1873 πρὸς
3422 1807 3524 1874 γὰρ
3558 1801 3671 1855 τοῦ·

2108 1921 2199 1955 τον
2235 1898 2389 1956 εἶπεν
2436 1903 2465 1954 ὁ
2508 1902 2769 1971 Χριστὸς,
2802 1902 2912 1956 Καὶ
2961 1902 3043 1954 σύ
3099 1916 3244 1953 ποτε
3290 1898 3669 1964 ἐπιστρέψας,

2110 1995 2405 2065 στήριξον
2443 1995 2586 2060 τοὺς
2609 1994 2917 2063 ἀδελφούς
2948 2006 3088 2048 σου.
3127 1994 3236 2045 Kal
3271 1991 3331 2044 ἐν
3355 1993 3419 2061 τῇ
3451 1987 3532 2042 κα⁶
3556 1991 3670 2056 ὁμι-

2111 2089 2220 2159 λίᾳο
2261 2108 2281 2139 ι
2321 2087 2592 2158 Καθάπερ
2628 2104 2712 2150 τις
2771 2085 3079 2157 στρατηγὸς
3110 2081 3334 2153 περιῄει
3376 2082 3475 2144 τὰς
3502 2081 3672 2145 τάξεις

2111 2187 2138 2237 ὁ
2189 2184 2395 2255 Πέτρος
2448 2180 2792 2248 ἐπισκοπῶν,
2828 2182 2981 2233 ποῖον
3030 2179 3117 2248 εἴη
3168 2174 3669 2245 συγκεκροτημένον

2118 2277 2305 2347 μέρος,
2365 2278 2521 2329 ποῖον
2574 2277 2633 2328 ὲν
2693 2275 2910 2344 κόσμῳ,
2970 2274 3121 2326 ποῖον
3157 2272 3253 2341 τῆς
3300 2269 3463 2324 αὐτοῦ
3510 2269 3671 2321 δέοιτο

2118 2371 2446 2441 παρουσίας.
2505 2369 2649 2437 Ὅρα
2708 2365 2990 2436 πανταχοῦ
3043 2366 3205 2419 αὐτὸν
3269 2361 3670 2432 περιτρέχοντα,

2119 2468 2213 2515 καὶ
2243 2464 2458 2531 πρῶτον
2494 2462 2909 2531 εὑρισκόμενον.
2949 2479 2968 2512 ι
3007 2461 3118 2512 Kal
3144 2458 3475 2525 κατωτέρω·
3522 2470 3540 2502 ι
3573 2450 3672 2505 Καὶ

2114 2553 2243 2606 ἔνθα
2276 2555 2373 2624 μὲν
2405 2549 2474 2625 ἦν
2504 2553 2772 2618 κίνδυνος,
2801 2554 2897 2607 καὶ
2918 2552 3049 2606 ἔνθα
3072 2552 3382 2617 οίκονομία,
3404 2550 3433 2601 ὁ
3460 2549 3670 2616 Πέτρος

2112 2648 2238 2699 ἔνθα
2274 2647 2330 2699 δέ
2354 2646 2600 2716 γαλήνης
2628 2646 2698 2699 τά
2723 2645 3026 2717 πράγματα
3058 2645 3243 2714 γέμει,
3276 2645 3433 2712 κοινῇ
3463 2641 3670 2700 πάντες.

2113 2740 2302 2803 Οὕτως
2336 2742 2443 2793 οὐκ
2466 2738 2665 2809 ἀπῄτει
2699 2738 2867 2808 τιμὴν
2910 2738 3135 2808 μείζονα
3186 2757 3205 2789 ι
3245 2740 3358 2790 Kal
3397 2739 3454 2788 ἐν
3497 2738 3560 2805 τῇ
3593 2728 3673 2802 κη’

2112 2833 2300 2903 ὁμιλίᾳ
2349 2832 2428 2896 εἰς
2479 2832 2573 2885 τὸν
2625 2832 2901 2901 Ἰωάννην,
2954 2830 3330 2899 ἐξηγούμενος
3378 2830 3550 2882 ἐκεῖνο
3588 2823 3674 2878 τοῦ

2111 2926 2345 2997 ἐσχάτου
2399 2924 2736 2995 κεφαλαίου·
2772 2926 2968 2994 Κύριε,
2994 2920 3165 2990 οὗτος
3211 2923 3281 2977 δὲ
3314 2924 3409 2991 τίς
3447 2941 3466 2974 ι
3514 2920 3673 2991 Ἐπεὶ.

424 3043 582 3109 φησι,
630 3038 709 3108 τῷ
748 3038 945 3106 Πέτρῳ
998 3032 1213 3103 μεγάλα
1249 3030 1514 3100 προεῖπεν
1544 3027 1573 3078 ὁ
1604 3027 1862 3093 Χριστὸς,
1912 3025 2008 3078 καὶ
2044 3023 2144 3094 τὴν
2181 3026 2510 3095 οἰκουμένην
2543 3023 2900 3096 ἐνεχρείρισε·
2941 3042 2961 3076 ι
3028 3023 3140 3076 Kal
3171 3023 3358 3093 μικρῷ
3431 3019 3674 3092 πρόσθεν

430 3152 448 3185 ι
482 3130 649 3193 Οὗτος
679 3132 706 3182 ὁ
727 3126 941 3197 Πέτρος
989 3126 1089 3192 τὴν
1124 3120 1464 3194 προστασίαν
1504 3117 1862 3185 ὲνεπιστεύθη
1895 3117 2004 3169 τῶν
2044 3117 2316 3187 ἀδελφῶν.
2347 3137 2366 3170 ι

497 3227 623 3282 llaec
657 3224 725 3279 de
759 3222 924 3277 Petro
960 3231 1068 3273 tam
1106 3216 1410 3287 magniﬁcis
1454 3217 1639 3270 verbis
1669 3215 2002 3284 Chrysosto—
2032 3227 2072 3279 ρ

423 3336 568 3377 mus.
601 3319 677 3373 De
706 3314 1123 3372 successoribus
1162 3327 1292 3365 vero
1324 3309 1474 3364 itane
1506 3307 1780 3363 sentiebat
1817 3320 1873 3360 ut
1909 3307 2007 3359 tu?

419 3401 648 3468 Minime
671 3409 937 3477 gentium;
960 3417 1198 3473 namque
1219 3401 1539 3456 Innocentio
1562 3415 1713 3470 papa:
1732 3399 2003 3464 scribens,

425 3504 607 3577 primo
652 3500 879 3571 quidem
928 3494 1322 3552 miserabiliter
1372 3493 1623 3562 deplorat
1667 3506 2007 3562 quaecunque

425 3609 624 3667 passus
645 3599 766 3647 erat
795 3606 825 3645 a
852 3588 1163 3658 Theophilo
1186 3578 1594 3650 Alexandrino;
1620 3595 1675 3640 et
1705 3584 1851 3638 inter
1873 3585 2000 3647 alia,

428 3706 450 3740 ι
489 3684 893 3747 Necessarium,
926 3681 1127 3750 inquit,
1157 3678 1419 3733 duximus
1463 3677 1801 3746 persuadere
1832 3674 2004 3729 hono-

424 3778 778 3836 rabilissimis
818 3773 1058 3830 dominis
1104 3771 1265 3836 meis,
1317 3770 1617 3833 Demetrio,
1665 3767 2002 3836 PanSOphio,

423 3875 608 3945 Pappo
635 3881 691 3926 et
723 3868 965 3939 Eugenio
996 3864 1272 3937 episcopis
1317 3877 1448 3919 suas
1496 3863 1657 3917 sedes
1690 3860 2006 3929 relinquere

422 3979 478 4021 ct
527 3980 632 4019 tam
695 3970 849 4017 vasto
904 3960 1041 4014 mari
1096 3970 1217 4012 sese
1262 3954 1630 4019 committere,
1675 3954 2005 4021 longamque

424 4054 923 4129 peregrinationem
948 4050 1253 4120 suscipere,
1299 4056 1355 4101 et
1386 4045 1455 4100 ad
1496 4056 1730 4100 vestram
1769 4043 2007 4099 charita-

423 4160 532 4205 tem
566 4162 879 4218 properare,
913 4154 971 4199 ut
1016 4142 1276 4198 ontnibcs
1308 4149 1498 4208 aperte
1548 4138 1787 4193 narratis
1830 4146 2006 4192 rente-

422 4242 575 4296 dium
602 4255 766 4309 quam
794 4236 1060 4293 citissime
1085 4232 1440 4288 adhibeatur.
1470 4256 1491 4283 ν
1526 4228 1592 4284 Et
1621 4230 1762 4284 infra
1792 4246 1806 4285 :
1843 4248 1861 4281 ι
1896 4229 2006 4284 Ne-

420 4347 530 4403 que
559 4332 708 4387 enim
731 4330 843 4401 juri
887 4335 1321 4381 consentaneum
1346 4332 1487 4387 erat,
1532 4320 1846 4394 [Egyptiutn
1882 4336 2005 4377 esse

416 4421 659 4495 judicent
692 4415 1052 4472 incolentium
1082 4413 1395 4469 Thraciam.
1434 4431 1452 4464 ›
1493 4411 1599 4467 Et:
1631 4411 1782 4483 Rogo
1821 4411 2005 4468 chari-

424 4523 591 4569 tatem
628 4519 890 4572 vestram,
926 4520 985 4561 ut
1014 4507 1311 4572 excitetur,
1342 4506 1744 4576 condoleatque
1783 4517 1841 4561 et
1867 4505 2007 4559 nihil

340 4657 354 4667 .
422 4606 811 4679 praetermittat
836 4617 945 4674 quo
967 4603 1236 4656 malorum
1259 4601 1331 4656 sit
1358 4601 1508 4656 linis.
1536 4614 1556 4652 ι
1588 4600 1656 4655 ιι
1682 4617 1695 4653 :
1718 4599 1824 4657 Ubi
1845 4615 2000 4670 ergo,

426 4698 637 4756 domini
668 4697 773 4752 mei
803 4709 1017 4751 summe
1045 4691 1381 4758 hunorandi,
1416 4694 1787 4763 perveneritis
1822 4693 1890 4747 ad
1921 4707 2005 4746 re-

425 4808 550 4848 rum
582 4791 856 4850 notitiam.
890 4786 1167 4842 ostendite
1202 4784 1584 4840 fortitudinem
1630 4799 1753 4854 qua:
1779 4794 1880 4839 vos
1911 4783 2005 4839 de-

424 4897 533 4953 cet,
556 4893 612 4941 et
632 4882 876 4939 studium
908 4880 1095 4951 ponite
1140 4890 1199 4933 ut
1229 4889 1378 4933 tanta
1410 4878 1671 4947 iniquitas
1699 4892 1822 4947 qua:
1850 4892 2005 4948 gras-

424 4987 540 5035 sata
575 4985 661 5030 cst
698 4975 753 5030 iu
787 4973 1065 5029 Ecclesias
1116 4970 1474 5041 reprimatur.
1505 4985 1523 5020 ι
1577 4967 1646 5022 Et
1676 4985 1690 5022 :
1749 4983 1767 5017 ι
1799 4966 1876 5021 Ne
1905 4966 2006 5037 igi-

425 5081 517 5124 tur
554 5077 728 5122 t0tum
769 5065 1031 5136 pervadat
1058 5062 1441 5117 orbem-tanta
1485 5057 1763 5122 confusio,
1796 5059 2001 5125 scribe,

424 5175 635 5234 quaeso,
671 5168 732 5213 ut
763 5173 886 5228 quin
933 5155 1256 5212 absentibus
1304 5154 1470 5208 nobis
1505 5162 1561 5207 et
1588 5151 1859 5224 judicium
1894 5167 2003 5208 non

424 5251 860 5310 detrectantibus
901 5249 1038 5304 adeo
1084 5246 1295 5302 nefarie
1325 5255 1476 5316 gesta
1502 5255 1653 5308 sunt,
1685 5244 1856 5298 altera
1888 5252 2007 5299 tan-

428 5358 542 5403 tum
578 5354 732 5417 parte
756 5351 1049 5414 praesente,
1078 5339 1287 5395 nullius
1321 5326 1435 5394 sint
1467 5337 1722 5406 roboris;
1752 5323 1857 5393 eos.
1876 5354 2007 5393 vero

425 5440 521 5509 qui
548 5435 822 5510 ejusmodi
852 5433 1059 5489 scelera
1096 5431 1216 5485 ausi
1260 5439 1412 5494 sunt,
1461 5430 1555 5484 ubi
1602 5431 1837 5486 convicti
1889 5429 2007 5485 fue-

429 5530 566 5598 rint,
607 5526 1110 5587 ecclesiasticarum
1150 5523 1331 5593 legum
1390 5536 1642 5577 censurae
1674 5523 1870 5589 subdi;
1902 5539 2009 5578 no-

429 5621 516 5675 bis
540 5627 751 5683 autem,
778 5616 873 5686 qui
916 5616 974 5670 in
999 5613 1151 5669 nullo
1175 5611 1408 5667 crimine
1429 5610 1763 5681 deprehensi
1790 5616 2022 5677 sumus,’

427 5710 632 5767 nullius
664 5708 743 5764 rei
770 5706 1017 5772 sceleris,
1063 5707 1193 5762 date
1232 5715 1288 5761 ut
1324 5705 1523 5762 vestris
1554 5704 1773 5762 assidue
1803 5706 2006 5760 litteris

498 5868 519 5900 ⁸
549 5870 682 5924 Luc.
719 5884 849 5934 un,
881 5868 976 5921 5‘2.

2179 3217 2419 3270 Τοιαῦτα
2461 3216 2715 3287 περὶτοῦ
2747 3217 2960 3285 Πέτρου
3009 3217 3411 3289 μεγαληγορῶν
3455 3215 3677 3287 φθέγγε-

2108 3326 2220 3362 ται.
2244 3310 2377 3378 Περὶ
2408 3309 2463 3361 δὲ
2485 3310 2593 3361 τῶν
2614 3310 2874 3380 διαδόχων
2904 3305 3012 3379 ἆρα
3037 3310 3207 3372 οὕτως
3232 3313 3475 3382 ἐφρόνει,
3503 3311 3675 3378 ὦιττερ

2111 3404 2195 3463 σὺ,
2230 3401 2426 3467 Ner/.2;
2459 3401 2765 3473 Οὐδαμῶς·
2798 3406 2894 3456 καὶ
2935 3404 3044 3473 γὰρ
3100 3405 3434 3475 Ἰννοκεντίῳ
3464 3405 3676 3473 γράφων

2107 3494 2184 3564 τῷ
2220 3497 2446 3566 πάππα,
2500 3497 2719 3566 πρῶτον
2760 3497 2860 3565 μὲν
2907 3497 3249 3568 ἐκτραγῳδεί
3299 3500 3400 3552 ὅσα
3454 3496 3676 3552 πέπονθε

2106 3588 2193 3640 διὰ
2229 3588 2491 3657 Θεοφίλου
2539 3587 2980 3657 Ἀλεξανδρείας,
3026 3584 3148 3641 εἶτα
3188 3590 3330 3661 πρὸς
3373 3593 3481 3655 τοῖς
3508 3591 3677 3655 ἄλλοις

2110 3679 2298 3750 φησιν·
2345 3699 2364 3730 ι
2409 3681 2735 3747 Ἀναγκαῖον
2770 3681 3110 3751 ἐνομίσαμεν
3156 3682 3284 3746 τοὺς
3333 3684 3552 3754 κυρίους
3582 3701 3675 3753 μου

2108 3777 2233 3838 τοὺς
2276 3774 2650 3842 τιμιωτάτους
2700 3775 3061 3839 ἐπισκόπους,
3095 3777 3437 3848 Δημήτριον,
3479 3774 3678 3831 [lavati-

2110 3884 2253 3933 φιον,
2292 3867 2544 3933 Πάππον,
2592 3866 2691 3920 καὶ
2741 3867 3000 3931 Εὑγένιον
3030 3871 3217 3920 πεῖσαι
3252 3871 3354 3932 τὰς
3390 3885 3448 3921 τε
3484 3868 3680 3921 ἑαυτῶν

2107 3959 2352 4024 ἀφεῖναι,
2388 3958 2485 4010 καὶ
2511 3956 2784 4029 πελάγους
2826 3957 3250 4028 κατατολμῆσαι
3283 3959 3563 4023 τοσιύτου,
3598 3958 3681 4009 καὶ

2111 4049 2348 4147 μακρὰν,
2367 4047 2681 4116 ἀποδημίαν
2710 4045 3051 4111 στείλασθαι,
3079 4051 3174 4101 καὶ
3204 4049 3345 4119 πρὸς
3376 4051 3475 4120 τὴν
3500 4046 3680 4117 opus-

2114 4157 2210 4209 ραν
2238 4139 2579 4209 ἀναδραμεῖν
2607 4139 2855 4209 ἀγάπην,
2891 4141 2982 4193 καὶ
3014 4140 3190 4194 πάντα
3216 4143 3409 4211 σαφῶς
3445 4140 3682 4196 ἀναδιδά-

2110 4232 2306 4297 ξαντας
2338 4233 2607 4303 ταχίστην
2639 4235 3062 4303 παρασκευάσαι
3096 4234 3355 4303 γενέσθαι
3412 4236 3513 4304 τὴν
3540 4233 3678 4302 διόρ-

2107 4325 2297 4379 θωσιν.
2340 4345 2357 4378 ι
2398 4326 2507 4379 Kal
2551 4327 2884 4396 κατωτέρωο
2935 4345 2952 4376 ι
2993 4327 3066 4379 Οὐ
3120 4331 3232 4397 γάρ
3280 4327 3578 4381 ἀκόλουθον
3620 4322 3680 4398 ἦν

2106 4415 2200 4470 τὸν
2253 4416 2314 4481 ἐξ
2361 4416 2641 4486 Αἰγύπτου
2696 4418 2914 4481 τοῖςηέν
2943 4418 3133 4490 Θρᾴκῃ
3187 4418 3502 4485 δικάζειν.»
3538 4418 3677 4472 Καί·

2115 4526 2135 4562 ι
2171 4510 2484 4580 Παρακαλῶ
2510 4511 2609 4579 τὴν
2632 4510 2909 4580 ὑμετέραν
2939 4512 3163 4582 ἀγάπην
3195 4511 3573 4584 διαναστῆναι,
3599 4511 3681 4565 καὶ

2111 4602 2470 4671 συναλγῆσαι,
2509 4600 2606 4655 καὶ
2637 4602 2813 4656 πάντα
2845 4602 3255 4673 ποιῆσαι,ῶστε
3290 4606 3488 4674 στῆναι
3516 4605 3680 4674 ταύτῃ

2108 4697 2181 4750 τὰ
2207 4699 2373 4751 κακά.
2412 4715 2430 4746 ι
2467 4697 2576 4748 Καί
2599 4709 2616 4728 ’
2658 4714 2677 4747 ι
2717 4696 3001 4756 Μαθόντες
3029 4697 3209 4751 τοίνυν
3244 4696 3484 4763 ἅπαντα,
3513 4694 3680 4767 κύριοί

2113 4806 2217 4858 μου
2246 4788 2595 4858 τιμιώτατοι,
2635 4789 2734 4860 τὴν
2768 4792 3153 4860 προσήκουσαν
3182 4790 3314 4861 ὑμῖν
3343 4790 3566 4863 ἀνδρίαν
3593 4789 3683 4841 καὶ

2114 4880 2782 4951 σπουδὴνέπιδείξαοθε,
2830 4879 2971 4934 ὥστε
3023 4883 3376 4953 παρανομίαν
3421 4882 3683 4951 τοσαύτην

2102 4971 2538 5026 ’ἐπεισελθοῦσαν
2559 4974 2681 5037 ταῖς
2718 4973 3072 5044 Ἐκκλησίαις
3098 4975 3441 5031 ἀναστεῖλαι.
3484 4994 3504 5028 ι
3541 4975 3678 5028 Καί·

2121 5083 2139 5118 ι
2162 5066 2287 5119 -Ἴνα
2325 5065 2403 5136 μὴ
2432 5063 2526 5118 οὖν
2563 5065 2807 5136 τοσαύτη
2840 5065 3107 5136 σύγχυσις
3145 5066 3438 5139 καταλάϐῃ
3475 5071 3571 5139 τὴν
3595 5065 3681 5136 ὑφ’

2115 5160 2253 5232 ἡλίῳ
2285 5161 2491 5225 πᾶσαν,
2531 5157 2834 5213 ἐπιστεῖλαι
2868 5159 3279 5231 παρακλήθητι,
3320 5159 3390 5216 τὰ
3423 5161 3522 5233 μὲν
3546 5160 3681 5215 οὕτω
3740 5158 3744 5161 ’

2115 5252 2453 5323 παρανόμως
2477 5254 2824 5322 γεγενημένα
2856 5251 3110 5307 ἀπόντων
3134 5253 3318 5325 ἡμῶν,
3351 5256 3449 5309 καὶ
3475 5257 3537 5308 ἐκ
3561 5253 3682 5325 μιᾶς

2117 5348 2337 5417 μοίρας,
2371 5348 2464 5401 καὶ
2505 5348 2565 5400 ού
2619 5346 3126 5419 παραιτησαμένων
3164 5346 3371 5418 κρίσιν,
3419 5347 3684 5419 μηδεμίαν

2106 5439 2258 5506 ἔχειν
2322 5438 2518 5510 ἰσχύν·
2583 5440 2711 5505 coit;
2764 5438 2821 5493 δὲ
2872 5439 3097 5494 τοιαῦτα
3157 5441 3677 5511 παρανομήσαντας,

2110 5527 2525 5597 ἐλεγχομένους,
2574 5525 2653 5598 τῷ
2699 5529 2969 5599 ἐπιτιμίῳ
3003 5529 3413 5585 ὑποϐάλλεσθαι
3456 5531 3562 5584 τῶν
3594 5530 3684 5582 ἐκ·

2110 5618 2519 5685 κλησιαστικῶν
2545 5620 2729 5691 νόμων
2755 5635 2771 5654 ο
2805 5622 2955 5693 ἡμᾶς
2997 5623 3055 5678 δέ
3111 5624 3240 5685 τοὺς
3287 5624 3388 5695 οὐχ
3440 5620 3680 5686 ἁλόντας,

2109 5708 2211 5761 οὐκ
2264 5709 2687 5781 ἀποδειχθέντας
2745 5713 3106 5780 ὑπευθύνους,
3167 5714 3281 5768 τῶν
3336 5715 3680 5787 γραμμάτων
