4048 6502
429 438 536 496 ω

1738 437 2175 498 REFUTATIO
2216 439 2403 499 NiLl.

3594 437 3700 500 8.30

427 544 536 598 τῶν
591 542 879 614 ὑμετέρων
939 545 1058 598 δότε
1111 545 1411 601 ἀπολαύειν
1463 546 1724 617 συνεχῶς,
1764 549 1856 600 καὶ
1911 547 2014 614 τῆς

2132 547 2372 601 'ruamur
2423 556 2478 601 et
2527 549 2798 605 eharitate
2851 550 3084 619 aliisque
3128 548 3408 614 omnibus,
3454 549 3596 602 sicut
3644 554 3701 600 et

430 637 677 704 ἀγάπης,
723 639 817 690 καὶ
875 637 1096 691 πάντων
1135 638 1244 691 τῶν
1299 640 1500 705 ἄλλων,
1541 639 1733 710 ὥσπερ
1771 641 1866 693 καὶ
1916 639 2014 707 έμ-

431 727 687 793 προσθεν.
723 747 743 780 ι
781 729 934 784 Μετὰ
964 731 1141 784 ταῦτα
1185 732 1391 802 γράφει
1427 736 1454 785 ὁ
1496 731 1787 792 Θεσπέσιος
1825 731 2012 800 Πατὴρ

431 818 762 885 ἐτοιμότατα
817 818 965 889 ἔχειν
994 820 1089 872 τοῦ
1132 820 1391 888 κριθῆναι
1438 821 1590 890 παρὰ
1624 820 1718 872 τοῦ
1770 820 2008 878 πάππα.

435 909 532 961 καὶ
559 908 822 977 μηδαμῶς
857 909 1082 978 φεύγειν
1112 912 1173 962 τὸ
1199 911 1446 964 τοιοῦτον
1473 912 1782 982 κριτήριον.
1807 912 2015 981 Γράφει

432 1001 524 1052 καὶ
551 1001 811 1068 δευτέραν
844 1004 979 1072 πρὸς
1009 1002 1103 1054 τὸν
1140 1003 1374 1057 πάππαν
1410 1004 1706 1076 ἐπιστολὴν
1751 1004 1893 1058 πάνυ
1928 1007 2016 1056 εύ-

434 1095 715 1162 χαριστών
747 1093 890 1163 ὑπὲρ
913 1095 1012 1160 τῆς
1043 1096 1480 1168 καταδληθείσης
1518 1099 1774 1168 σπουδῆς,
1801 1098 1906 1151 κᾶν
1940 1099 2015 1168 μὴ

434 1183 592 1251 ἔτυχε
641 1185 709 1235 τὰ
742 1186 1050 1254 πράγματα
1096 1187 1196 1256 τῆς
1245 1187 1608 1257 ὀφειλομένης
1654 1185 2014 1257 διορθώσεως.

448 1277 587 1329 Ἀλλ’
605 1277 700 1329 οὖν
722 1278 795 1347 μὴ
819 1279 930 1329 δεῖν
955 1279 1270 1348 ἀποκαμεῖν
1294 1281 1383 1332 τὶν
1409 1281 1664 1332 πάππαν·
1691 1280 2018 1349 προκεῖσθαι

435 1369 543 1436 γὰρ
576 1368 726 1436 αύτῷ
757 1370 946 1432 ἀγῶνα
998 1370 1415 1440 ταραττομένης
1469 1371 1655 1440 σχεδον
1704 1370 1803 1435 τῆς
1839 1387 2020 1422 οεκον-

440 1462 610 1530 μένης
647 1461 888 1530 ἁπάσης.

512 1551 654 1622 Τρία
683 1553 818 1621 γοῦν
847 1557 963 1610 ἐστι
999 1557 1186 1611 λαϐεῖν
1234 1559 1299 1612 ἐκ
1334 1559 1445 1614 τῶν
1477 1559 1572 1613 τοῦ
1620 1560 2016 1629 Χρυσοστόμου

440 1645 633 1711 φωνῶν
657 1659 672 1674 ο
733 1646 816 1698 ὅτι
842 1646 944 1700 οὐκ
974 1649 1217 1720 ἐνείχετο
1245 1653 1272 1702 ὁ
1307 1651 1697 1720 Χρυσὸστομος
1732 1651 2017 1722 κρίνεσθαι

439 1735 544 1787 ὑπὸ
572 1737 668 1789 τοῦ
706 1738 1142 1810 Ἀλεξανδρείας·
1174 1743 1257 1796 ὅτι
1277 1743 1618 1796 ἐπικαλεῖται
1649 1745 1710 1796 τὸ
1734 1745 2018 1815 κριτήριον

437 1827 535 1880 τοῦ
567 1831 792 1897 πάππα,
829 1833 919 1886 ἵνα
947 1835 1048 1904 τῆς
1079 1835 1266 1890 ἀδίκου
1293 1838 1526 1908 κρίσεως
1565 1838 1877 1909 ἀπαλλαγῇ·
1914 1839 2016 1902 ὅτι,

2116 649 2304 691 antea.
2339 656 2357 688 ι
2404 636 2603 693 Subdit
2657 639 2858 694 deinde
2905 650 3134 695 sanctus
3185 638 3368 701 Pater,
3417 636 3704 706 paratissi-

2119 743 2269 783 mum
2315 743 2373 784 se
2417 746 2539 785 esse
2587 731 2653 785 ad
2708 732 3060 786 subeundum
3118 747 3274 802 papae
3303 729 3598 800 judicium.
3647 735 3704 781 ει

2117 821 2236 893 ejus
2274 821 2516 876 tribunal
2539 839 2596 877 se
2630 824 2777 879 nullo
2807 808 3269 878 modotdevitare.
3300 819 3506 876 Scribit
3529 829 3586 874 e-t
3623 818 3703 872 al-

2120 920 2294 968 teram
2327 914 2616 983 epistolam
2661 914 2728 969 ad
2775 915 3030 970 eutudem
3068 930 3289 985 papam,
3337 910 3558 981 agitque
3588 925 3701 962 Ina-

2119 1021 2254 1076 gnas
2279 1007 2482 1077 gratias
2517 1024 2616 1079 pro
2648 1009 2830 1064 studio
2875 1009 3096 1069 collato.
3147 1006 3402 1076 quamvis
3431 1002 3700 1058 subsecu-

2121 1106 2236 1152 tum
2273 1114 2384 1152 non
2409 1113 2555 1155 esset
2587 1100 2912 1166 remedium,
2953 1099 3098 1168 quod
3146 1114 3286 1169 opus
3337 1106 3474 1152 erat.
3521 1097 3700 1165 ltogat

2123 1200 2304 1244 tamen
2341 1206 2408 1246 ne
2441 1207 2580 1261 papa
2607 1208 2828 1247 causam
2853 1192 3104 1259 deserat;
3131 1190 3470 1261 propositum
3497 1188 3700 1256 quippe

2121 1282 2200 1336 illi
2233 1297 2353 1336 esse
2388 1293 2688 1352 certamen,
2744 1285 3110 1339 interturbato
3141 1283 3256 1339 fere
3302 1280 3560 1337 universo
3593 1287 3702 1333 ter-

2122 1391 2306 1430 rarum
2333 1378 2488 1431 orbe.

2193 1559 2269 1613 Ex
2321 1559 2521 1628 quibus
2567 1557 2944 1628 Chrysostomi
3001 1555 3185 1610 verbis
3238 1555 3340 1608 tria
3392 1552 3698 1607 habemus:

2122 1650 2266 1719 quod
2301 1666 2407 1703 non
2443 1650 2649 1705 ferebat
2681 1649 3106 1721 Chrysostomus
3143 1663 3201 1702 se
3229 1648 3296 1700 ab
3329 1645 3700 1701 Alexandrino

2119 1743 2379 1814 judicari;
2419 1742 2566 1812 quod
2615 1743 2850 1812 appellat
2883 1759 3034 1812 papae
3071 1741 3367 1812 judicium,
3412 1748 3470 1792 ιιι
3499 1753 3555 1791 se
3599 1737 3703 1788 ini-

2125 1832 2471 1902 quojudicio
2507 1832 2798 1897 liberaret;
2855 1833 3024 1902 quod,
3073 1831 3292 1886 turbata
3345 1845 3441 1898 per
3483 1827 3704 1881 univer-

436 1925 853 1995 ταραττομένης
912 1927 1012 1998 τῆς
1064 1931 1454 1999 οἰκουμενικῆς
1521 1931 1869 2000 Ἐκκλησίας,
1925 1931 2016 1984 τὸν

2132 1940 2240 1978 sum
2269 1927 2460 1980 orbem
2488 1925 2752 1990 Ecclesia,
2802 1942 2996 1995 papam
3033 1925 3237 1980 excitat
3285 1923 3356 1978 ad—
3410 1922 3700 1977 ferendum

437 2012 672 2062 παππαν
701 2013 968 2084 διεγείρει
1017 2017 1155 2085 πρὸς
1179 2019 1418 2087 ἄμυναν.
1469 2019 1534 2073 Τί
1584 2020 1638 2071 δὲ
1681 2019 1809 2072 ἄλλο
1843 2019 2019 2074 ταῦτα

438 2103 471 2172 ἢ
503 2103 768 2190 ὁμολογία
819 2107 995 2177 σαφὴς
1027 2109 1126 2178 τῆς
1161 2112 1534 2182 ἀποστολικῆς
1583 2114 1675 2167 καὶ
1704 2116 2016 2187 οἱκουμενιει

440 2197 541 2256 xi;
569 2198 624 2246 ἐν
641 2198 720 2266 τῷ
748 2199 951 2268 πάππα
978 2201 1247 2269 ἐξουσίας,
1273 2203 1342 2272 ἢν
1369 2204 1492 2257 οὗτε
1515 2208 1542 2258 ὁ
1585 2204 2018 2274 Ἀλεξανδρείας,

442 2283 570 2334 οὕτε
601 2286 626 2334 ὁ
656 2286 1287 2355 Κωνσταειτινουπόλεως
1315 2290 1485 2362 εἶχεν,
1524 2296 1553 2363 ῆ
1599 2295 1740 2365 ἔχεις
1781 2295 1902 2358 Πῶς
1929 2295 2021 2347 οῦν

442 2375 593 2428 οὐδὲν
625 2377 768 2445 μέγα
798 2380 877 2448 τῷ
919 2382 1143 2453 Ῥώμης
1193 2384 1256 2437 τὸ
1310 2386 1670 2440 ἀποστολικὸν
1710 2389 2017 2453 καλεῖσθαι,

442 2466 678 2520 ἑκάστου
713 2468 822 2520 τῶν
854 2471 1172 2526 ἐπισκόπων
1204 2474 1518 2545 καθημένου
1554 2478 1648 2528 ἐπὶ
1683 2476 1777 2529 τοῦ
1826 2477 2019 2547 θρόνου

440 2559 536 2609 τοῦ
569 2560 843 2628 Χριστοῦς
885 2564 1000 2615 Οὐκ
1026 2564 1143 2616 ἐστι
1174 2567 1346 2619 ταῦτα
1380 2567 1648 2637 σύμφωνα
1694 2568 1770 2638 τῷ
1820 2572 2022 2641 φρονή-

445 2671 579 2721 ματι
630 2655 725 2706 τοῦ
759 2657 1174 2728 Χρυσοστόμου.
1213 2662 1308 2713 καὶ
1342 2661 1442 2731 τῆς
1476 2663 1644 2716 πάλαι
1695 2663 2022 2732 ἀνατολικῆς

455 2745 806 2817 Ἐκκλησίαςο
846 2749 982 2801 ἀλλὰ
1006 2753 1066 2802 τὸ
1093 2752 1275 2820 λέγειν
1313 2754 1387 2816 ὡς
1419 2754 1596 2822 λέγεις
1626 2755 1875 2808 κλέπτειν
1907 2758 2024 2809 ἐστὶ

445 2839 543 2899 τὰς
574 2842 846 2909 πατρικὰς
896 2845 1144 2911 χρήσεις,
1183 2849 1278 2900 καὶ
1298 2846 1566 2916 ἀναρχίαν
1597 2849 1689 2900 καὶ
1743 2849 2022 2918 σχίσματα

445 2935 827 3001 παρεισάγειν.
884 2937 1076 2990 Καίτοι
1124 2939 1244 2991 οὐδὲ
1289 2941 1428 2992 κατὰ
1481 2940 1582 3010 τὴν
1621 2940 1721 3010 σὴν
1760 2939 2024 3010 ἐξήγησιν

447 3042 508 3076 συ
523 3027 846 3093 μπεραίνεις
875 3027 902 3079 ὃ
929 3028 1136 3096 βούλει.
1169 3031 1350 3082 Ἔστω
1372 3033 1482 3101 γὰρ
1513 3033 1874 3093 πάντας“τοῦς
1908 3035 2021 3085 ἐπι-

447 3118 682 3179 σκόπους
711 3118 986 3187 καθῆσθαι
1019 3121 1110 3172 ἐπὶ
1142 3120 1236 3173 τοῦ
1270 3121 1460 3190 θρόνου
1491 3124 1584 3174 τοῦ
1609 3122 1872 3192 Χριστοῦ·
1907 3124 2023 3175 ἀλλ’

445 3209 544 3306 οὐκ
581 3210 793 3278 ἀνάγκη
842 3213 1115 3280 καθῆσθαι
1169 3214 1428 3282 ἰσοτίμως
1454 3231 1467 3244 ·
1503 3213 1693 3284 ὥσπερ
1724 3216 1773 3266 οἱ
1805 3215 2021 3284 νομικοὶ
2051 3253 2091 3306 C

449 3303 615 3370 ἱερεῖς
649 3304 740 3354 ἐπὶ
773 3302 871 3372 τῆς
906 3305 1148 3366 Μςοσέως
1197 3305 1490 3375 καθέδρας,
1543 3303 1659 3358 ἀλλ’
1706 3306 1806 3358 οὐκ
1859 3307 2022 3358 ἰσοτί-

449 3412 586 3463 μως,
637 3395 895 3464 ὑπερεῖχε
941 3398 1049 3466 γὰρ
1077 3399 1132 3450 ἐν
1164 3400 1350 3457 αὐτοῖς
1404 3402 1432 3451 ὁ
1480 3399 1658 3467 μέγας
1709 3402 2026 3470 ἀρχιερεύς.

446 3490 604 3554 Μέγα
632 3490 811 3540 τοίνυν
851 3489 932 3556 τῷ
975 3488 1195 3559 Ῥώμης
1236 3491 1410 3560 θρόνῳ
1440 3492 1498 3544 τὸ
1543 3493 1702 3562 μόνον
1742 3495 2026 3548 καλεῖιθαι

448 3577 742 3643 ἐξαιρέτως
777 3579 1160 3641 ἀποστολικὸν,
1192 3583 1284 3633 καὶ
1312 3583 1369 3633 τὸ
1403 3585 1558 3650 μόνον
1584 3584 1726 3635 οὕτω
1751 3584 2022 3652 καθῆσθαι

450 3673 543 3723 ἐπί
581 3672 674 3723 τοῦ
709 3674 903 3743 θρόνου
935 3673 1029 3726 τοῦ
1059 3675 1321 3744 Χριστοῦ,
1351 3674 1491 3728 ὥστε
1527 3677 1733 3746 κρίνειν
1776 3677 2024 3740 ἅπαντας

449 3769 579 3831 τοὺς
616 3767 977 3830 ἐπισκόπους.

1105 3909 1380 3962 ΝΕΙΛΟΣ.

1620 4043 1642 4075 ε

529 4064 546 4096 ι
586 4044 658 4096 Τὸ
690 4044 745 4098 δὲ
778 4042 982 4111 λέγειν,
1031 4044 1196 4114 Μόνῳ
1231 4046 1310 4114 τῷ
1354 4046 1553 4112 πάπποι
1586 4043 1792 4108 ἕξεττιν
1844 4047 2026 4097 οἰκου-

452 4141 684 4208 μενικῆν
713 4139 990 4209 ἁθροίζειν
1021 4139 1262 4201 σύνοδον,
1311 4141 1426 4199 πῶς
1468 4140 1526 4190 ού
1563 4141 1674 4201 τοῖς
1712 4139 1832 4192 λίαν
1867 4155 2031 4207 φανε-

451 4236 567 4302 ροῖς
599 4233 904 4295 ἀντιλέγειν
956 4234 1096 4298 ἐστὶ,
1150 4234 1354 4302 μᾶλλον
1407 4233 1460 4284 δὲ
1495 4233 1609 4295 πῶς
1639 4235 1739 4284 οὐκ
1770 4233 2022 4302 αἰσχύνη,

447 4328 541 4376 τὸν
587 4326 740 4394 ἱερέα
788 4326 894 4378 ἀπὸ
921 4325 1128 4378 τούτων
1173 4326 1600 4396 φιλοτιμεῖσθαι,
1658 4326 1749 4392 ἀφ’
1798 4319 1872 4378 ὦν
1907 4327 2027 4379 ἐστι

454 4419 594 4488 μέγα
633 4421 724 4471 καὶ
773 4421 863 4470 τδν
913 4418 1137 4488 βασιλέα
1190 4423 1438 4490 φρονεῖν;
1486 4421 1604 4472 Ἵνα
1634 4420 1689 4472 δὲ
1728 4420 1898 4490 εἰδῇς,
1945 4421 2026 4473 ὅτι

452 4513 737 4582 βασιλεῦσι
775 4513 996 4581 μᾶλλον,
1041 4513 1140 4566 οὐκ
1170 4515 1489 4576 ἐπισκόποις
1518 4515 1583 4568 τὰ
1618 4515 1842 4569 τοιαῦτα
1882 4517 2028 4568 ἀνεῖ-

2117 2016 2404 2086 judicium.
2439 2016 2563 2071 llaec
2593 2033 2758 2086 porro
2791 2018 2921 2087 quid
2953 2017 3101 2071 aliud
3133 2025 3265 2069 sunt
3305 2029 3468 2084 quam
3517 2023 3700 2080 aperta

2122 2108 2402 2163 confessio
2434 2108 2748 2178 apostolicze
2777 2120 2831 2162 et
2862 2107 3191 2162 universalis
3242 2107 3295 2161 in
3345 2119 3482 2174 papa
3515 2114 3703 2157 aucto-

2124 2202 2324 2266 ritatis,
2353 2218 2514 2271 quam
2573 2216 2674 2255 nec
2711 2201 3136 2262 Alexandrinus,
3171 2214 3270 2252 nec
3311 2194 3703 2251 Constantino-

2124 2293 2403 2362 politanus
2436 2293 2628 2346 habuit
2681 2304 2774 2346 aut
2823 2291 3028 2344 habet?
3057 2287 3346 2362 Quomodo
3392 2288 3555 2356 igitur
3591 2301 3698 2337 nou

2126 2384 2624 2454 magnilaciendum
2667 2383 2810 2452 quod
2848 2384 3126 2436 Romanus
3178 2389 3404 2434 vocetur
3436 2376 3699 2446 apostoli-

2125 2491 2245 2537 cus,
2282 2492 2407 2530 cum
2455 2475 2752 2544 epise0pus
2787 2475 3023 2543 quisque
3059 2473 3247 2527 sedeat
3287 2474 3338 2524 in
3378 2470 3508 2523 sede
3544 2468 3703 2523 Chri-

2126 2568 2240 2622 sti?
2272 2567 2394 2620 Haec
2429 2581 2537 2620 non
2566 2567 2899 2620 conveniunt
2942 2580 3066 2619 cum
3123 2579 3288 2618 sensu
3325 2558 3702 2631 Chrysostmni

2127 2668 2183 2713 et
2209 2659 2445 2727 antiqua:
2475 2658 2774 2713 Orientalis
2800 2657 3089 2721 Ειῖςιρείιυς
3118 2656 3211 2711 sed
3247 2657 3318 2709 ita
3351 2654 3533 2706 dicere
3563 2661 3615 2702 ut
3649 2660 3704 2702 tu

2128 2752 2284 2815 dicis,
2315 2762 2401 2808 est
2447 2752 2668 2805 Patrum
2724 2751 3030 2805 sententias
3074 2749 3274 2802 allerre
3328 2745 3618 2807 fallar-iter,
3652 2753 3709 2796 et

2130 2845 2380 2914 negando
2413 2845 2708 2913 primatum
2756 2844 2992 2897 schisma
3052 2843 3332 2896 inducere.
3377 2839 3703 2905 Quanquam

2128 2953 2195 2991 nc
2224 2937 2303 2990 sic
2333 2937 2574 3001 quidem,
2602 2946 2661 2988 ut
2693 2946 2748 2990 tu
2777 2935 3186 3005 interpretaris,
3222 2933 3391 2986 habes
3415 2929 3561 3000 quod
3601 2929 3702 2981 vis.

2130 3029 2258 3084 Esto
2290 3023 2436 3083 enim
2469 3028 2614 3098 quod
2644 3044 2836 3082 mnnes
2882 3025 3121 3096 episcopi
3181 3026 3411 3080 sedeant
3467 3024 3521 3076 in
3572 3021 3700 3073 sede

2131 3123 2364 3186 Christi;
2401 3137 2508 3174 non
2551 3132 2731 3173 tamen
2765 3135 2988 3174 necesse
3020 3129 3104 3173 est
3141 3118 3336 3172 sedere
3365 3127 3556 3168 omnes
3581 3101 3706 3165 cum

2130 3215 2460 3284 :equalitalis
2485 3215 2696 3267 honore
2729 3233 2740 3265 :
2785 3213 2929 3266 sicut
2964 3221 3018 3266 et
3058 3210 3261 3280 legales
3303 3205 3616 3262 sacerdotes
3652 3205 3706 3254 in

2135 3308 2394 3363 cathedra
2452 3307 2620 3378 Moysi
2683 3321 2789 3359 non
2834 3319 3025 3359 omnes
3083 3302 3366 3372 aequaliter
3412 3299 3709 3358 sedebant;
3781 3335 3788 3350 .

2135 3403 2414 3457 eminebat
2443 3401 2590 3454 enim
2626 3401 2772 3453 inter
2806 3399 2931 3453 illos
2960 3397 3230 3466 pontilex.
3267 3396 3458 3463 Itaque
3507 3391 3715 3461 magni-

2135 3495 2451 3549 faciendum
2484 3503 2567 3547 est
2600 3493 2743 3562 quod
2778 3492 2894 3546 sola
2933 3490 3180 3543 Romana
3215 3487 3375 3541 sedes
3411 3502 3506 3555 per
3536 3481 3716 3536 exeni-

2135 3591 2360 3644 lentiam
2418 3598 2644 3642 vocetur
2699 3585 2997 3654 apostolica
3034 3625 3048 3647 ,
3108 3590 3162 3636 et
3219 3581 3368 3634 solus
3421 3578 3716 3646 episcopus

2139 3685 2416 3738 Romanus
2441 3685 2516 3738 ita
2545 3683 2735 3737 sedeat
2773 3683 2827 3734 in
2861 3677 3126 3732 cathedra
3157 3675 3386 3738 Christi,
3421 3681 3478 3725 ut
3502 3669 3714 3740 cpisco-

2135 3794 2326 3846 portnn
2364 3779 2609 3831 oumium
2641 3777 2708 3830 sit
2736 3775 2926 3842 judex.

2617 3910 2822 3966 NILUS
2856 3909 3009 3980 (Cap.
3047 3906 3235 3961 XXII).

2223 4078 2239 4106 ι
2281 4053 2468 4107 Dicere
2503 4060 2706 4110 autem,
2747 4049 2845 4104 soli
2899 4063 3051 4117 papae
3106 4047 3276 4100 licere
3320 4044 3714 4098 (ecutncnicam

2136 4148 2451 4219 congregari
2490 4143 2780 4214 synodum,
2829 4157 2894 4194 an
2937 4156 3043 4191 non
3097 4147 3180 4192 est
3237 4153 3357 4206 qua:
3387 4134 3718 4188 manifestis-

2138 4246 2276 4298 sima
2320 4251 2448 4297 sunt
2479 4236 2833 4308 oppugnare?
2863 4251 2927 4287 an
2980 4232 3160 4300 potius
3194 4241 3350 4298 turpe
3387 4244 3493 4280 non
3538 4236 3617 4280 est
3657 4227 3712 4278 in

2135 4355 2204 4394 eo
2253 4335 2594 4390 sacerdotem
2650 4345 2768 4386 esse
2823 4327 3215 4389 ambitiosum,
3257 4323 3309 4375 in
3367 4338 3475 4390 quo
3533 4330 3716 4389 potest

2137 4431 2303 4486 etiam
2329 4430 2628 4495 imperator
2659 4418 2990 4491 sejactare?
3029 4417 3098 4474 Ut.
3134 4415 3277 4471 scias
3300 4425 3482 4468 autem
3526 4414 3590 4464 ad
3619 4414 3720 4463 im—

2143 4532 2452 4592 peratorem
2487 4516 2690 4584 potius,
2717 4511 2982 4582 quamcad
3007 4509 3300 4580 episcopos
3329 4506 3380 4560 id
3420 4504 3722 4575 pertinere,

452 4623 564 4656 ται.
625 4603 898 4668 ἀνάγνωθι
959 4604 1067 4655 ἀπὸ
1119 4603 1230 4655 τῶν
1282 4604 1614 4675 Πρακτικῶν
1658 4609 1755 4674 τῆς
1808 4607 2026 4675 πρώτης

2140 4611 2306 4678 legito
2346 4605 2632 4675 epistolam
2679 4603 2868 4670 prima:
2904 4600 3101 4672 synodi
3136 4600 3202 4652 ad
3249 4597 3548 4652 Ecclesium
3600 4595 3723 4649 Ale-

455 4695 677 4747 συνίδοι)
711 4698 807 4762 τὴν
836 4695 1131 4764 ἐπιστολὴν
1168 4696 1338 4760 αὐτῆς
1369 4699 1434 4767 τῇ
1474 4697 1872 4768 Ἀλεξανδρέων
1917 4700 2037 4750 Ἐκ-

457 4788 680 4859 κλησία·
720 4807 736 4838 ι
779 4790 1021 4858 Ἐπειδὴ,
1056 4789 1212 4858 φησὶ,
1239 4788 1336 4857 τῆς
1371 4789 1468 4842 τοῦ
1501 4790 1634 4842 Θεοῦ
1670 4792 1912 4860 χάριτος,
1945 4792 2037 4843 καὶ

456 4884 554 4934 τοῦ
579 4881 998 4950 θεοφιλεστάτου
1025 4882 1287 4950 βασιλέως
1320 4883 1758 4941 Κωνσταντίνου.
1793 4899 2036 4952 συναγα-

456 4978 646 5042 γόντος
695 4977 844 5044 ἡμᾶς
889 4977 952 5027 ἐκ
1003 4975 1274 5044 διαφόρων
1317 4976 1617 5044 ἐπαρχιῶν.
1656 4996 1670 5025 ›
1730 4976 2034 5043 ’Λναγνωθι

457 5070 566 5124 ἀπὸ
595 5071 703 5119 τῶν
735 5069 1060 5138 ΙΙρακτικῶν
1089 5071 1192 5138 τῆς
1214 5069 1402 5138 τρίτης
1433 5069 1653 5120 συνόδου
1685 5069 1787 5138 τὴν
1819 5070 2036 5121 ἐπιστο-

403 5181 415 5190 ·
456 5162 556 5230 λὴν
588 5163 758 5232 αὐτῆς
794 5163 928 5232 πρὸς
957 5163 1236 5214 Θεοδόσον
1265 5165 1359 5216 καὶ
1389 5161 1842 5214 Οὑαλεντινιανὸν
1869 5179 1882 5192 ·
1915 5181 1933 5213 ι
1972 5161 2036 5213 ΊΙ

459 5256 593 5316 ἁγία
635 5253 874 5319 σύνοδος,
931 5257 1116 5323 φησὶν,
1171 5256 1203 5325 ἡ
1262 5254 1444 5324 χάριτι
1493 5253 1628 5306 Θεοῦ
1665 5254 1758 5304 καὶ
1806 5253 2037 5322 νεύματι

459 5347 554 5398 τοῦ
594 5346 861 5416 ὑμετέρτῖυ
914 5347 1150 5416 κράτους
1204 5347 1530 5415 συναχθεῖσα
1564 5349 1620 5397 ἐν
1652 5349 1716 5414 τῇ
1767 5343 2036 5411 Ἐφεσίων

464 5437 834 5506 perpetvi/er
875 5455 892 5486 ι
931 5438 1023 5489 καὶ
1058 5437 1165 5488 ἀπὸ
1196 5434 1290 5487 τοῦ
1329 5436 1513 5497 τέλους
1553 5434 1663 5486 τῶν
1713 5433 2039 5503 Πρακτικῶν

461 5529 559 5596 τῆς
594 5528 864 5599 τετάρτης
908 5529 1169 5582 συνπῖδου·
1209 5547 1226 5578 ι
1269 5529 1332 5580 Ἢ
1381 5529 1512 5595 ἁγία
1553 5531 1647 5579 καὶ
1694 5525 1904 5596 μεγάλη
1949 5530 2042 5579 καὶ

459 5623 816 5692 οἰκουμενικὴ
866 5621 1103 5684 σύνοδος,
1139 5623 1172 5691 ἡ
1214 5621 1354 5674 κατὰ
1405 5620 1539 5673 Θεοῦ
1581 5620 1742 5690 χάριν
1805 5622 1898 5672 καὶ
1949 5619 2039 5672 θέο

466 5711 825 5782 σπισμαήτῶν
867 5711 1280 5764 εὐσεϐεστάτων
1321 5709 1416 5763 καὶ
1468 5709 1833 5780 φιλοχρίστων
1881 5708 2041 5778 ὴμῶν

467 5804 568 5874 βασ
594 5804 731 5857 λέων
768 5805 1148 5874 συναχθεῖσα.)
1195 5803 1254 5854 ’0
1286 5802 1341 5856 δὲ
1374 5801 1642 5871 μακάριος
1669 5802 1818 5852 Λέων
1842 5802 1868 5850 ὁ
1906 5800 2041 5850 Ῥώ-

471 5913 578 5967 μης
623 5900 888 5969 Θεοδοσίῳ
935 5899 1010 5970 τῷ
1058 5899 1272 5970 βασιλεῖ
1323 5897 1570 5966 γράφων,
1624 5892 1753 5948 ἀντὶ
1799 5895 2038 5964 μεγάλου

2142 4688 2504 4754 αθιιιιτίιιῖιιιμ
2575 4717 2589 4745 ι
2637 4693 2939 4758 Quoniam,
2978 4693 3194 4762 inquit,
3249 4690 3342 4744 Dei
3393 4688 3564 4759 gratia
3591 4730 3604 4753 ,
3668 4695 3722 4738 ct

2139 4790 2532 4846 Constantinus
2591 4786 2699 4841 Deo
2769 4783 3199 4838 amabilissimus
3276 4781 3574 4849 imperator
3624 4794 3726 4831 nos

2142 4881 2492 4952 congregavit
2549 4895 2578 4933 e
2653 4877 2885 4932 diversis
2953 4873 3274 4944 provinciis.
3334 4891 3352 4924 ι
3417 4872 3607 4940 Legito
3662 4885 3728 4923 ex

2142 4975 2292 5030 Actis
2329 4973 2501 5028 tet-tire
2541 4971 2732 5042 synodi
2763 4968 3051 5038 epistolam
3092 4967 3211 5037 ejus
3251 4950 3325 5017 ad
3356 4961 3727 5017 Theodosium

2143 5079 2198 5123 et
2227 5066 2694 5127 Valentinianum,
2721 5063 2938 5116 actione
2975 5077 3025 5114 vr
3055 5077 3068 5114 :
3097 5078 3114 5110 ι
3140 5060 3338 5111 Sancta
3363 5057 3600 5126 synodus
3629 5055 3721 5108 Dei

2143 5160 2316 5231 gratia
2346 5169 2398 5212 et
2428 5167 2563 5212 nutu
2587 5156 2884 5226 majestatis
2915 5160 3105 5206 vestrae
3124 5158 3449 5218 congregata
3478 5149 3530 5201 in
3550 5147 3730 5214 Ephe-

2143 5251 2353 5303 siorum
2381 5246 2703 5314 metropoli;
2736 5265 2752 5296 ι
2782 5254 2832 5298 et
2859 5259 2924 5297 ex
2949 5244 3054 5296 line
3086 5252 3335 5294 actorum
3357 5248 3563 5306 quartae
3595 5254 3726 5307 syn~

2143 5341 2233 5395 odi
2263 5359 2276 5394 :
2309 5359 2326 5392 ι
2362 5339 2560 5393 Sancta
2596 5350 2651 5392 et
2697 5352 2887 5404 magna
2920 5345 2975 5388 et
2998 5331 3323 5387 universalis
3348 5333 3608 5400 synodus,
3634 5345 3730 5398 per

2147 5435 2237 5487 Dei
2262 5431 2487 5502 gratiam
2511 5439 2567 5484 et
2584 5428 2924 5484 sanctionem
2944 5423 3478 5493 religiosissimorum
3505 5421 3729 5476 ethri-

2144 5524 2211 5578 sti
2234 5523 2533 5577 amantium
2569 5523 2966 5590 imperatorum
2981 5518 3260 5571 collecta.»
3284 5514 3482 5568 Beatus
3511 5529 3732 5584 quoque

2145 5615 2256 5668 Leo
2290 5614 2573 5669 Romanus
2621 5612 2916 5680 episcotius
2972 5609 3038 5663 ad
3079 5607 3450 5662 Theodosium
3493 5608 3734 5675 imperas

2149 5719 2319 5762 torem
2353 5707 2618 5768 scribens,
2645 5706 2764 5758 loco
2806 5719 3012 5772 inagine
3047 5702 3120 5755 rei
3161 5701 3316 5770 petit,
3350 5710 3407 5752 ut
3432 5699 3734 5767 imperator

2148 5811 2417 5857 aunucret
2469 5799 2587 5853 ﬁeri
2643 5799 2697 5853 in
2734 5798 2884 5860 Italia
2931 5795 3202 5867 synodum
3247 5793 3581 5864 generalem.
3616 5791 3732 5844 Non

2152 5897 2396 5964 petiissct
2441 5902 2646 5957 autem,
2674 5890 2714 5945 si
2739 5888 2879 5958 juris
2917 5893 2998 5942 sui
3029 5889 3219 5941 luisset
3246 5899 3500 5956 pr'tcstare
3532 5883 3684 5938 illud.
3712 5902 3728 5931 ι
