  <div class='ocr_page' id='page_1' title='image "/cluster/home/n/w/nwhite01/storage/ocr_20150623/149:no.2/coo.31924054870542/431.png"; bbox 0 0 4048 6480; ppageno 0'>
   <div class='ocr_carea' id='block_1_1' title="bbox 1538 398 2489 465">
    <p class='ocr_par' dir='ltr' id='par_1_1' title="bbox 1538 398 2489 465">
     <span class='ocr_line' id='line_1_1' title="bbox 1538 398 2489 465; baseline 0.004 -7"><span class='ocrx_word' id='word_1_1' title='bbox 1538 398 1909 462; x_wconf 71' lang='grc' dir='ltr'><strong>ΜΑΤΤΗιΕῐ</strong></span> <span class='ocrx_word' id='word_1_2' title='bbox 1953 402 2489 465; x_wconf 69' lang='grc' dir='ltr'><strong>(ΖΑΒΥΟΡΗῩΗᾸ</strong></span> 
     </span>
    </p>
   </div>
   <div class='ocr_carea' id='block_1_2' title="bbox 3529 400 3643 466">
    <p class='ocr_par' dir='ltr' id='par_1_2' title="bbox 3529 400 3643 466">
     <span class='ocr_line' id='line_1_2' title="bbox 3529 400 3643 466; baseline -0.018 0"><span class='ocrx_word' id='word_1_3' title='bbox 3529 400 3643 466; x_wconf 64' lang='lat'><strong>€52</strong></span> 
     </span>
    </p>
   </div>
   <div class='ocr_carea' id='block_1_3' title="bbox 362 510 3641 594">
    <p class='ocr_par' dir='ltr' id='par_1_3' title="bbox 362 510 3641 594">
     <span class='ocr_line' id='line_1_3' title="bbox 362 510 3641 594; baseline 0.001 -28"><span class='ocrx_word' id='word_1_4' title='bbox 362 510 508 575; x_wconf 73' lang='grc' dir='ltr'><strong>τινὸς</strong></span> <span class='ocrx_word' id='word_1_5' title='bbox 532 511 774 583; x_wconf 81' lang='grc' dir='ltr'><strong>αίρεῒται</strong></span> <span class='ocrx_word' id='word_1_6' title='bbox 798 512 1135 568; x_wconf 74' lang='grc' dir='ltr'><strong>κατανεῦσαι</strong></span> <span class='ocrx_word' id='word_1_7' title='bbox 1170 515 1263 569; x_wconf 76' lang='grc' dir='ltr'><strong>τδν</strong></span> <span class='ocrx_word' id='word_1_8' title='bbox 1312 513 1540 585; x_wconf 79' lang='grc' dir='ltr'><strong>βασιλέα</strong></span> <span class='ocrx_word' id='word_1_9' title='bbox 1570 518 1801 591; x_wconf 72' lang='grc' dir='ltr'><strong>γενικὴν</strong></span> <span class='ocrx_word' id='word_1_10' title='bbox 1843 522 2292 594; x_wconf 76' lang='grc' dir='ltr'><strong>συγκροτηθῆναι</strong></span> <span class='ocrx_word' id='word_1_11' title='bbox 2333 522 2555 576; x_wconf 87' lang='grc' dir='ltr'>σύνοδον</span> <span class='ocrx_word' id='word_1_12' title='bbox 2610 522 2668 576; x_wconf 82' lang='grc' dir='ltr'><strong>ὲν</strong></span> <span class='ocrx_word' id='word_1_13' title='bbox 2712 520 2935 592; x_wconf 74' lang='grc' dir='ltr'><strong>Ἰταλιᾳ.</strong></span> <span class='ocrx_word' id='word_1_14' title='bbox 2991 519 3108 575; x_wconf 80' lang='grc' dir='ltr'><strong>Οὐκ</strong></span> <span class='ocrx_word' id='word_1_15' title='bbox 3151 518 3219 573; x_wconf 82' lang='grc' dir='ltr'><strong>ἂν</strong></span> <span class='ocrx_word' id='word_1_16' title='bbox 3257 519 3314 572; x_wconf 68' lang='grc' dir='ltr'><strong>δὲ</strong></span> <span class='ocrx_word' id='word_1_17' title='bbox 3354 518 3641 589; x_wconf 70' lang='grc' dir='ltr'><strong>ἐζήτησεν.</strong></span> 
     </span>
    </p>
   </div>
   <div class='ocr_carea' id='block_1_4' title="bbox 363 608 1478 686">
    <p class='ocr_par' dir='ltr' id='par_1_4' title="bbox 363 608 1478 686">
     <span class='ocr_line' id='line_1_4' title="bbox 363 608 1478 686; baseline 0.001 -21"><span class='ocrx_word' id='word_1_18' title='bbox 363 612 502 684; x_wconf 74' lang='grc' dir='ltr'><strong>ὅπερ</strong></span> <span class='ocrx_word' id='word_1_19' title='bbox 538 612 637 667; x_wconf 77' lang='grc' dir='ltr'><strong>σὺν</strong></span> <span class='ocrx_word' id='word_1_20' title='bbox 670 608 750 685; x_wconf 80' lang='grc' dir='ltr'><strong>τῷ</strong></span> <span class='ocrx_word' id='word_1_21' title='bbox 781 612 978 685; x_wconf 82' lang='grc' dir='ltr'><strong>δικαίῳ</strong></span> <span class='ocrx_word' id='word_1_22' title='bbox 1008 612 1252 684; x_wconf 77' lang='grc' dir='ltr'><strong>ἔφθασεν</strong></span> <span class='ocrx_word' id='word_1_23' title='bbox 1281 614 1478 686; x_wconf 68' lang='grc' dir='ltr'><strong>ἔχων.»</strong></span> 
     </span>
    </p>
   </div>
   <div class='ocr_carea' id='block_1_5' title="bbox 926 780 1389 841">
    <p class='ocr_par' dir='ltr' id='par_1_5' title="bbox 926 780 1389 841">
     <span class='ocr_line' id='line_1_5' title="bbox 926 780 1389 841; baseline 0 -1"><span class='ocrx_word' id='word_1_24' title='bbox 926 780 1389 841; x_wconf 82' lang='lat' dir='ltr'><strong>CONFUTATlO.</strong></span> 
     </span>
    </p>
   </div>
   <div class='ocr_carea' id='block_1_6' title="bbox 436 919 1953 993">
    <p class='ocr_par' dir='ltr' id='par_1_6' title="bbox 436 919 1953 993">
     <span class='ocr_line' id='line_1_6' title="bbox 436 919 1953 993; baseline 0.003 -17"><span class='ocrx_word' id='word_1_25' title='bbox 436 920 495 976; x_wconf 85' lang='lat' dir='ltr'><strong>Si</strong></span> <span class='ocrx_word' id='word_1_26' title='bbox 531 919 877 976; x_wconf 71' lang='lat' dir='ltr'><strong>manifestam</strong></span> <span class='ocrx_word' id='word_1_27' title='bbox 904 922 1192 977; x_wconf 91' lang='lat' dir='ltr'><strong>veritatem</strong></span> <span class='ocrx_word' id='word_1_28' title='bbox 1241 936 1560 993; x_wconf 80' lang='lat' dir='ltr'><strong>oppugnare</strong></span> <span class='ocrx_word' id='word_1_29' title='bbox 1589 932 1674 980; x_wconf 88' lang='lat' dir='ltr'><strong>est</strong></span> <span class='ocrx_word' id='word_1_30' title='bbox 1702 940 1953 993; x_wconf 65' lang='lat' dir='ltr'><strong>quaerere</strong></span> 
     </span>
    </p>
   </div>
   <div class='ocr_carea' id='block_1_7' title="bbox 362 1012 1953 1090">
    <p class='ocr_par' dir='ltr' id='par_1_7' title="bbox 362 1012 1953 1090">
     <span class='ocr_line' id='line_1_7' title="bbox 362 1012 1953 1090; baseline 0.004 -21"><span class='ocrx_word' id='word_1_31' title='bbox 362 1012 419 1069; x_wconf 88' lang='lat' dir='ltr'><strong>in</strong></span> <span class='ocrx_word' id='word_1_32' title='bbox 457 1015 613 1070; x_wconf 86' lang='lat' dir='ltr'><strong>Actis</strong></span> <span class='ocrx_word' id='word_1_33' title='bbox 644 1017 977 1088; x_wconf 85' lang='lat' dir='ltr'><strong>synodorum</strong></span> <span class='ocrx_word' id='word_1_34' title='bbox 1014 1025 1074 1071; x_wconf 93' lang='lat' dir='ltr'><strong>ut</strong></span> <span class='ocrx_word' id='word_1_35' title='bbox 1099 1016 1249 1073; x_wconf 88' lang='lat' dir='ltr'><strong>nulla</strong></span> <span class='ocrx_word' id='word_1_36' title='bbox 1283 1018 1354 1072; x_wconf 87' lang='lat' dir='ltr'><strong>sit</strong></span> <span class='ocrx_word' id='word_1_37' title='bbox 1386 1019 1776 1090; x_wconf 85' lang='lat' dir='ltr'><strong>repugnantia,</strong></span> <span class='ocrx_word' id='word_1_38' title='bbox 1802 1029 1953 1075; x_wconf 88' lang='lat' dir='ltr'><strong>certe</strong></span> 
     </span>
    </p>
   </div>
   <div class='ocr_carea' id='block_1_8' title="bbox 363 1107 1955 1183">
    <p class='ocr_par' dir='ltr' id='par_1_8' title="bbox 363 1107 1955 1183">
     <span class='ocr_line' id='line_1_8' title="bbox 363 1107 1955 1183; baseline 0.005 -23"><span class='ocrx_word' id='word_1_39' title='bbox 363 1108 456 1175; x_wconf 86' lang='lat' dir='ltr'><strong>qui</strong></span> <span class='ocrx_word' id='word_1_40' title='bbox 498 1107 613 1162; x_wconf 68' lang='lat' dir='ltr'><strong>haec</strong></span> <span class='ocrx_word' id='word_1_41' title='bbox 643 1122 753 1162; x_wconf 89' lang='lat' dir='ltr'><strong>non</strong></span> <span class='ocrx_word' id='word_1_42' title='bbox 800 1110 998 1178; x_wconf 75' lang='lat' dir='ltr'><strong>quzerit</strong></span> <span class='ocrx_word' id='word_1_43' title='bbox 1019 1149 1035 1174; x_wconf 91' lang='lat'><strong>,</strong></span> <span class='ocrx_word' id='word_1_44' title='bbox 1064 1110 1398 1165; x_wconf 85' lang='lat' dir='ltr'><strong>contradicit</strong></span> <span class='ocrx_word' id='word_1_45' title='bbox 1427 1112 1672 1182; x_wconf 83' lang='lat' dir='ltr'><strong>synodis.</strong></span> <span class='ocrx_word' id='word_1_46' title='bbox 1710 1111 1955 1183; x_wconf 86' lang='lat' dir='ltr'><strong>Congre-</strong></span> 
     </span>
    </p>
   </div>
   <div class='ocr_carea' id='block_1_9' title="bbox 362 1200 1953 1274">
    <p class='ocr_par' dir='ltr' id='par_1_9' title="bbox 362 1200 1953 1274">
     <span class='ocr_line' id='line_1_9' title="bbox 362 1200 1953 1274; baseline 0.008 -25"><span class='ocrx_word' id='word_1_47' title='bbox 362 1207 545 1267; x_wconf 76' lang='lat' dir='ltr'><strong>gatam</strong></span> <span class='ocrx_word' id='word_1_48' title='bbox 604 1214 663 1255; x_wconf 90' lang='lat' dir='ltr'><strong>se</strong></span> <span class='ocrx_word' id='word_1_49' title='bbox 698 1200 776 1255; x_wconf 85' lang='lat' dir='ltr'><strong>ait</strong></span> <span class='ocrx_word' id='word_1_50' title='bbox 801 1201 976 1271; x_wconf 90' lang='lat' dir='ltr'><strong>prima</strong></span> <span class='ocrx_word' id='word_1_51' title='bbox 1008 1201 1255 1273; x_wconf 82' lang='lat' dir='ltr'><strong>synodus</strong></span> <span class='ocrx_word' id='word_1_52' title='bbox 1284 1218 1316 1257; x_wconf 85' lang='lat' dir='ltr'><strong>a</strong></span> <span class='ocrx_word' id='word_1_53' title='bbox 1354 1203 1446 1259; x_wconf 86' lang='lat' dir='ltr'><strong>Dei</strong></span> <span class='ocrx_word' id='word_1_54' title='bbox 1480 1204 1650 1274; x_wconf 77' lang='lat' dir='ltr'><strong>gratia</strong></span> <span class='ocrx_word' id='word_1_55' title='bbox 1685 1214 1740 1261; x_wconf 89' lang='lat' dir='ltr'><strong>et</strong></span> <span class='ocrx_word' id='word_1_56' title='bbox 1776 1206 1953 1274; x_wconf 87' lang='lat' dir='ltr'><strong>impe-</strong></span> 
     </span>
    </p>
   </div>
   <div class='ocr_carea' id='block_1_10' title="bbox 363 1291 1954 1369">
    <p class='ocr_par' dir='ltr' id='par_1_10' title="bbox 363 1291 1954 1369">
     <span class='ocr_line' id='line_1_10' title="bbox 363 1291 1954 1369; baseline 0.005 -25"><span class='ocrx_word' id='word_1_57' title='bbox 363 1303 548 1348; x_wconf 59' lang='lat' dir='ltr'><strong>ratore</strong></span> <span class='ocrx_word' id='word_1_58' title='bbox 572 1291 956 1349; x_wconf 88' lang='lat' dir='ltr'><strong>Constantino.</strong></span> <span class='ocrx_word' id='word_1_59' title='bbox 990 1294 1230 1366; x_wconf 62' lang='lat' dir='ltr'><strong>Exponit</strong></span> <span class='ocrx_word' id='word_1_60' title='bbox 1259 1296 1369 1351; x_wconf 82' lang='lat' dir='ltr'><strong>hoc</strong></span> <span class='ocrx_word' id='word_1_61' title='bbox 1400 1305 1588 1352; x_wconf 88' lang='lat' dir='ltr'><strong>sancta</strong></span> <span class='ocrx_word' id='word_1_62' title='bbox 1630 1309 1785 1352; x_wconf 81' lang='lat' dir='ltr'><strong>sexta</strong></span> <span class='ocrx_word' id='word_1_63' title='bbox 1817 1312 1954 1369; x_wconf 83' lang='lat' dir='ltr'><strong>syn-</strong></span> 
     </span>
    </p>
   </div>
   <div class='ocr_carea' id='block_1_11' title="bbox 364 1387 1955 1461">
    <p class='ocr_par' dir='ltr' id='par_1_11' title="bbox 364 1387 1955 1461">
     <span class='ocr_line' id='line_1_11' title="bbox 364 1387 1955 1461; baseline 0.004 -22"><span class='ocrx_word' id='word_1_64' title='bbox 364 1387 505 1441; x_wconf 71' lang='lat' dir='ltr'><strong>odus</strong></span> <span class='ocrx_word' id='word_1_65' title='bbox 549 1387 606 1442; x_wconf 93' lang='lat' dir='ltr'><strong>in</strong></span> <span class='ocrx_word' id='word_1_66' title='bbox 641 1387 1078 1457; x_wconf 86' lang='lat' dir='ltr'><strong>Prosphonetico</strong></span> <span class='ocrx_word' id='word_1_67' title='bbox 1127 1388 1192 1442; x_wconf 91' lang='lat' dir='ltr'><strong>ad</strong></span> <span class='ocrx_word' id='word_1_68' title='bbox 1233 1388 1654 1446; x_wconf 88' lang='lat' dir='ltr'><strong>Constantinum</strong></span> <span class='ocrx_word' id='word_1_69' title='bbox 1714 1389 1955 1461; x_wconf 81' lang='lat' dir='ltr'><strong>impera-</strong></span> 
     </span>
    </p>
   </div>
   <div class='ocr_carea' id='block_1_12' title="bbox 364 1478 1956 1551">
    <p class='ocr_par' dir='ltr' id='par_1_12' title="bbox 364 1478 1956 1551">
     <span class='ocr_line' id='line_1_12' title="bbox 364 1478 1956 1551; baseline 0.005 -21"><span class='ocrx_word' id='word_1_70' title='bbox 364 1490 581 1533; x_wconf 77' lang='lat' dir='ltr'><strong>torem:</strong></span> <span class='ocrx_word' id='word_1_71' title='bbox 640 1478 879 1543; x_wconf 71' lang='lat' dir='ltr'><strong>«Arius,</strong></span> <span class='ocrx_word' id='word_1_72' title='bbox 944 1479 1145 1549; x_wconf 85' lang='lat' dir='ltr'><strong>inquit,</strong></span> <span class='ocrx_word' id='word_1_73' title='bbox 1214 1479 1560 1551; x_wconf 85' lang='lat' dir='ltr'><strong>insurgebat,</strong></span> <span class='ocrx_word' id='word_1_74' title='bbox 1627 1480 1840 1537; x_wconf 84' lang='lat' dir='ltr'><strong>divisor</strong></span> <span class='ocrx_word' id='word_1_75' title='bbox 1900 1490 1956 1538; x_wconf 86' lang='lat' dir='ltr'><strong>et</strong></span> 
     </span>
    </p>
   </div>
   <div class='ocr_carea' id='block_1_13' title="bbox 367 1566 1954 1638">
    <p class='ocr_par' dir='ltr' id='par_1_13' title="bbox 367 1566 1954 1638">
     <span class='ocr_line' id='line_1_13' title="bbox 367 1566 1954 1638; baseline 0.004 -17"><span class='ocrx_word' id='word_1_76' title='bbox 367 1569 607 1638; x_wconf 89' lang='lat' dir='ltr'><strong>partitor</strong></span> <span class='ocrx_word' id='word_1_77' title='bbox 645 1566 960 1637; x_wconf 78' lang='lat' dir='ltr'><strong>Trinitatis,</strong></span> <span class='ocrx_word' id='word_1_78' title='bbox 992 1581 1050 1626; x_wconf 88' lang='lat' dir='ltr'><strong>et</strong></span> <span class='ocrx_word' id='word_1_79' title='bbox 1082 1572 1350 1628; x_wconf 88' lang='lat' dir='ltr'><strong>continuo</strong></span> <span class='ocrx_word' id='word_1_80' title='bbox 1383 1572 1781 1630; x_wconf 88' lang='lat' dir='ltr'><strong>Constantinus</strong></span> <span class='ocrx_word' id='word_1_81' title='bbox 1809 1591 1954 1630; x_wconf 88' lang='lat' dir='ltr'><strong>sem-</strong></span> 
     </span>
    </p>
   </div>
   <div class='ocr_carea' id='block_1_14' title="bbox 366 1662 1953 1738">
    <p class='ocr_par' dir='ltr' id='par_1_14' title="bbox 366 1662 1953 1738">
     <span class='ocr_line' id='line_1_14' title="bbox 366 1662 1953 1738; baseline 0.004 -23"><span class='ocrx_word' id='word_1_82' title='bbox 366 1678 466 1731; x_wconf 87' lang='lat' dir='ltr'><strong>per</strong></span> <span class='ocrx_word' id='word_1_83' title='bbox 513 1662 818 1734; x_wconf 83' lang='lat' dir='ltr'><strong>Augustus,</strong></span> <span class='ocrx_word' id='word_1_84' title='bbox 858 1674 916 1720; x_wconf 90' lang='lat' dir='ltr'><strong>et</strong></span> <span class='ocrx_word' id='word_1_85' title='bbox 962 1665 1229 1721; x_wconf 86' lang='lat' dir='ltr'><strong>Silvester</strong></span> <span class='ocrx_word' id='word_1_86' title='bbox 1262 1666 1661 1722; x_wconf 86' lang='lat' dir='ltr'><strong>celeberrimus</strong></span> <span class='ocrx_word' id='word_1_87' title='bbox 1699 1683 1953 1738; x_wconf 83' lang='lat' dir='ltr'><strong>magnam</strong></span> 
     </span>
    </p>
   </div>
   <div class='ocr_carea' id='block_1_15' title="bbox 365 1755 1956 1831">
    <p class='ocr_par' dir='ltr' id='par_1_15' title="bbox 365 1755 1956 1831">
     <span class='ocr_line' id='line_1_15' title="bbox 365 1755 1956 1831; baseline 0.004 -22"><span class='ocrx_word' id='word_1_88' title='bbox 365 1764 421 1809; x_wconf 89' lang='lat' dir='ltr'><strong>et</strong></span> <span class='ocrx_word' id='word_1_89' title='bbox 450 1755 720 1810; x_wconf 90' lang='lat' dir='ltr'><strong>illustrem</strong></span> <span class='ocrx_word' id='word_1_90' title='bbox 752 1756 946 1812; x_wconf 63' lang='lat' dir='ltr'><strong>Nicmae</strong></span> <span class='ocrx_word' id='word_1_91' title='bbox 965 1759 1235 1827; x_wconf 80' lang='lat' dir='ltr'><strong>synodum</strong></span> <span class='ocrx_word' id='word_1_92' title='bbox 1257 1759 1689 1830; x_wconf 82' lang='lat' dir='ltr'><strong>congregabant.</strong></span> <span class='ocrx_word' id='word_1_93' title='bbox 1707 1758 1956 1831; x_wconf 83' lang='lat' dir='ltr'><strong>Congre-</strong></span> 
     </span>
    </p>
   </div>
   <div class='ocr_carea' id='block_1_16' title="bbox 365 1845 1953 1922">
    <p class='ocr_par' dir='ltr' id='par_1_16' title="bbox 365 1845 1953 1922">
     <span class='ocr_line' id='line_1_16' title="bbox 365 1845 1953 1922; baseline 0.004 -23"><span class='ocrx_word' id='word_1_94' title='bbox 365 1849 568 1915; x_wconf 78' lang='lat' dir='ltr'><strong>gabant</strong></span> <span class='ocrx_word' id='word_1_95' title='bbox 591 1845 990 1904; x_wconf 84' lang='lat' dir='ltr'><strong>Constantinus</strong></span> <span class='ocrx_word' id='word_1_96' title='bbox 1026 1858 1084 1903; x_wconf 88' lang='lat' dir='ltr'><strong>et</strong></span> <span class='ocrx_word' id='word_1_97' title='bbox 1113 1848 1416 1917; x_wconf 85' lang='lat' dir='ltr'><strong>Silvester;</strong></span> <span class='ocrx_word' id='word_1_98' title='bbox 1455 1865 1562 1904; x_wconf 91' lang='lat' dir='ltr'><strong>non</strong></span> <span class='ocrx_word' id='word_1_99' title='bbox 1603 1865 1736 1922; x_wconf 85' lang='lat' dir='ltr'><strong>ergo</strong></span> <span class='ocrx_word' id='word_1_100' title='bbox 1758 1867 1953 1906; x_wconf 84' lang='lat' dir='ltr'><strong>verum</strong></span> 
     </span>
    </p>
   </div>
   <div class='ocr_carea' id='block_1_17' title="bbox 364 1938 1956 2013">
    <p class='ocr_par' dir='ltr' id='par_1_17' title="bbox 364 1938 1956 2013">
     <span class='ocr_line' id='line_1_17' title="bbox 364 1938 1956 2013; baseline 0.006 -22"><span class='ocrx_word' id='word_1_101' title='bbox 364 1946 473 2004; x_wconf 73' lang='lat' dir='ltr'><strong>est,</strong></span> <span class='ocrx_word' id='word_1_102' title='bbox 493 1939 639 2008; x_wconf 92' lang='lat' dir='ltr'><strong>quod</strong></span> <span class='ocrx_word' id='word_1_103' title='bbox 673 1938 777 2007; x_wconf 81' lang='lat' dir='ltr'><strong>ais,</strong></span> <span class='ocrx_word' id='word_1_104' title='bbox 811 1953 921 1996; x_wconf 88' lang='lat' dir='ltr'><strong>non</strong></span> <span class='ocrx_word' id='word_1_105' title='bbox 940 1938 1008 1995; x_wconf 88' lang='lat' dir='ltr'><strong>ad</strong></span> <span class='ocrx_word' id='word_1_106' title='bbox 1037 1941 1349 2012; x_wconf 86' lang='lat' dir='ltr'><strong>episcopos,</strong></span> <span class='ocrx_word' id='word_1_107' title='bbox 1377 1942 1471 1998; x_wconf 83' lang='lat' dir='ltr'><strong>sed</strong></span> <span class='ocrx_word' id='word_1_108' title='bbox 1496 1942 1563 1997; x_wconf 88' lang='lat' dir='ltr'><strong>ad</strong></span> <span class='ocrx_word' id='word_1_109' title='bbox 1594 1942 1956 2013; x_wconf 81' lang='lat' dir='ltr'><strong>imperatores</strong></span> 
     </span>
    </p>
   </div>
   <div class='ocr_carea' id='block_1_18' title="bbox 366 2027 806 2099">
    <p class='ocr_par' dir='ltr' id='par_1_18' title="bbox 366 2027 806 2099">
     <span class='ocr_line' id='line_1_18' title="bbox 366 2027 806 2099; baseline 0.007 -19"><span class='ocrx_word' id='word_1_110' title='bbox 366 2027 473 2083; x_wconf 88' lang='lat' dir='ltr'><strong>hoc</strong></span> <span class='ocrx_word' id='word_1_111' title='bbox 502 2029 806 2099; x_wconf 88' lang='lat' dir='ltr'><strong>pertinere.</strong></span> 
     </span>
    </p>
   </div>
   <div class='ocr_carea' id='block_1_19' title="bbox 440 2235 1949 2310">
    <p class='ocr_par' dir='ltr' id='par_1_19' title="bbox 440 2235 1949 2310">
     <span class='ocr_line' id='line_1_19' title="bbox 440 2235 1949 2310; baseline 0.005 -20"><span class='ocrx_word' id='word_1_112' title='bbox 440 2235 513 2290; x_wconf 89' lang='lat' dir='ltr'><strong>De</strong></span> <span class='ocrx_word' id='word_1_113' title='bbox 534 2235 775 2292; x_wconf 87' lang='lat' dir='ltr'><strong>secunda</strong></span> <span class='ocrx_word' id='word_1_114' title='bbox 806 2252 939 2293; x_wconf 83' lang='lat' dir='ltr'><strong>vero</strong></span> <span class='ocrx_word' id='word_1_115' title='bbox 967 2236 1178 2310; x_wconf 85' lang='lat' dir='ltr'><strong>synodo</strong></span> <span class='ocrx_word' id='word_1_116' title='bbox 1225 2254 1414 2294; x_wconf 87' lang='lat' dir='ltr'><strong>rursus</strong></span> <span class='ocrx_word' id='word_1_117' title='bbox 1443 2239 1610 2295; x_wconf 89' lang='lat' dir='ltr'><strong>iidem</strong></span> <span class='ocrx_word' id='word_1_118' title='bbox 1646 2240 1840 2296; x_wconf 84' lang='lat' dir='ltr'><strong>Patres</strong></span> <span class='ocrx_word' id='word_1_119' title='bbox 1893 2243 1949 2297; x_wconf 90' lang='lat' dir='ltr'><strong>in</strong></span> 
     </span>
    </p>
   </div>
   <div class='ocr_carea' id='block_1_20' title="bbox 366 2325 1950 2397">
    <p class='ocr_par' dir='ltr' id='par_1_20' title="bbox 366 2325 1950 2397">
     <span class='ocr_line' id='line_1_20' title="bbox 366 2325 1950 2397; baseline 0.005 -16"><span class='ocrx_word' id='word_1_120' title='bbox 366 2325 841 2397; x_wconf 82' lang='lat' dir='ltr'><strong>Prosphonetico:</strong></span> <span class='ocrx_word' id='word_1_121' title='bbox 877 2348 897 2382; x_wconf 81' lang='grc' dir='ltr'><strong>ι</strong></span> <span class='ocrx_word' id='word_1_122' title='bbox 926 2327 1275 2388; x_wconf 87' lang='lat' dir='ltr'><strong>Theodosius</strong></span> <span class='ocrx_word' id='word_1_123' title='bbox 1307 2340 1365 2388; x_wconf 87' lang='lat' dir='ltr'><strong>et</strong></span> <span class='ocrx_word' id='word_1_124' title='bbox 1404 2332 1671 2388; x_wconf 86' lang='lat' dir='ltr'><strong>Damasus</strong></span> <span class='ocrx_word' id='word_1_125' title='bbox 1706 2349 1950 2391; x_wconf 85' lang='lat' dir='ltr'><strong>conven-</strong></span> 
     </span>
    </p>
   </div>
   <div class='ocr_carea' id='block_1_21' title="bbox 370 2424 1016 2494">
    <p class='ocr_par' dir='ltr' id='par_1_21' title="bbox 370 2424 1016 2494">
     <span class='ocr_line' id='line_1_21' title="bbox 370 2424 1016 2494; baseline 0.006 -22"><span class='ocrx_word' id='word_1_126' title='bbox 370 2430 485 2473; x_wconf 92' lang='lat' dir='ltr'><strong>tum</strong></span> <span class='ocrx_word' id='word_1_127' title='bbox 521 2424 952 2494; x_wconf 83' lang='lat' dir='ltr'><strong>congregabant.</strong></span> <span class='ocrx_word' id='word_1_128' title='bbox 996 2442 1016 2476; x_wconf 77' lang='grc' dir='ltr'><strong>ι</strong></span> 
     </span>
    </p>
   </div>
   <div class='ocr_carea' id='block_1_22' title="bbox 438 2534 1950 2614">
    <p class='ocr_par' dir='ltr' id='par_1_22' title="bbox 438 2534 1950 2614">
     <span class='ocr_line' id='line_1_22' title="bbox 438 2534 1950 2614; baseline 0.005 -25"><span class='ocrx_word' id='word_1_129' title='bbox 438 2534 516 2589; x_wconf 89' lang='lat' dir='ltr'><strong>De</strong></span> <span class='ocrx_word' id='word_1_130' title='bbox 585 2537 748 2591; x_wconf 89' lang='lat' dir='ltr'><strong>tertia</strong></span> <span class='ocrx_word' id='word_1_131' title='bbox 795 2553 926 2594; x_wconf 88' lang='lat' dir='ltr'><strong>vero</strong></span> <span class='ocrx_word' id='word_1_132' title='bbox 985 2548 1040 2595; x_wconf 86' lang='lat' dir='ltr'><strong>et</strong></span> <span class='ocrx_word' id='word_1_133' title='bbox 1088 2548 1285 2610; x_wconf 88' lang='lat' dir='ltr'><strong>quarta</strong></span> <span class='ocrx_word' id='word_1_134' title='bbox 1336 2541 1548 2614; x_wconf 87' lang='lat' dir='ltr'><strong>synodo</strong></span> <span class='ocrx_word' id='word_1_135' title='bbox 1595 2558 1609 2596; x_wconf 87' lang='lat'><strong>:</strong></span> <span class='ocrx_word' id='word_1_136' title='bbox 1677 2559 1698 2595; x_wconf 79' lang='grc' dir='ltr'><strong>ι</strong></span> <span class='ocrx_word' id='word_1_137' title='bbox 1745 2541 1950 2598; x_wconf 86' lang='lat' dir='ltr'><strong>lterum</strong></span> 
     </span>
    </p>
   </div>
   <div class='ocr_carea' id='block_1_23' title="bbox 368 2626 1951 2710">
    <p class='ocr_par' dir='ltr' id='par_1_23' title="bbox 368 2626 1951 2710">
     <span class='ocr_line' id='line_1_23' title="bbox 368 2626 1951 2710; baseline 0.006 -28"><span class='ocrx_word' id='word_1_138' title='bbox 368 2626 682 2699; x_wconf 85' lang='lat' dir='ltr'><strong>Nestorius,</strong></span> <span class='ocrx_word' id='word_1_139' title='bbox 712 2641 770 2688; x_wconf 89' lang='lat' dir='ltr'><strong>et</strong></span> <span class='ocrx_word' id='word_1_140' title='bbox 814 2643 1007 2690; x_wconf 89' lang='lat' dir='ltr'><strong>contra</strong></span> <span class='ocrx_word' id='word_1_141' title='bbox 1044 2635 1381 2693; x_wconf 72' lang='lat' dir='ltr'><strong>leestinus</strong></span> <span class='ocrx_word' id='word_1_142' title='bbox 1411 2646 1468 2693; x_wconf 85' lang='lat' dir='ltr'><strong>et</strong></span> <span class='ocrx_word' id='word_1_143' title='bbox 1495 2637 1769 2710; x_wconf 86' lang='lat' dir='ltr'><strong>Cyrillus;</strong></span> <span class='ocrx_word' id='word_1_144' title='bbox 1823 2653 1951 2693; x_wconf 90' lang='lat' dir='ltr'><strong>nam</strong></span> 
     </span>
    </p>
   </div>
   <div class='ocr_carea' id='block_1_24' title="bbox 369 2720 1951 2801">
    <p class='ocr_par' dir='ltr' id='par_1_24' title="bbox 369 2720 1951 2801">
     <span class='ocr_line' id='line_1_24' title="bbox 369 2720 1951 2801; baseline 0.007 -27"><span class='ocrx_word' id='word_1_145' title='bbox 369 2720 463 2776; x_wconf 91' lang='lat' dir='ltr'><strong>ille</strong></span> <span class='ocrx_word' id='word_1_146' title='bbox 490 2720 771 2780; x_wconf 83' lang='lat' dir='ltr'><strong>Christum</strong></span> <span class='ocrx_word' id='word_1_147' title='bbox 807 2725 1089 2783; x_wconf 80' lang='lat' dir='ltr'><strong>dividebat</strong></span> <span class='ocrx_word' id='word_1_148' title='bbox 1120 2738 1176 2784; x_wconf 89' lang='lat' dir='ltr'><strong>et</strong></span> <span class='ocrx_word' id='word_1_149' title='bbox 1223 2731 1600 2801; x_wconf 85' lang='lat' dir='ltr'><strong>partiebatur:</strong></span> <span class='ocrx_word' id='word_1_150' title='bbox 1633 2731 1687 2785; x_wconf 89' lang='lat' dir='ltr'><strong>hi</strong></span> <span class='ocrx_word' id='word_1_151' title='bbox 1742 2745 1876 2787; x_wconf 74' lang='lat' dir='ltr'><strong>vero</strong></span> <span class='ocrx_word' id='word_1_152' title='bbox 1920 2747 1951 2785; x_wconf 89' lang='lat' dir='ltr'><strong>a</strong></span> 
     </span>
    </p>
   </div>
   <div class='ocr_carea' id='block_1_25' title="bbox 372 2818 1950 2893">
    <p class='ocr_par' dir='ltr' id='par_1_25' title="bbox 372 2818 1950 2893">
     <span class='ocr_line' id='line_1_25' title="bbox 372 2818 1950 2893; baseline 0.006 -23"><span class='ocrx_word' id='word_1_153' title='bbox 372 2818 605 2873; x_wconf 89' lang='lat' dir='ltr'><strong>Domino</strong></span> <span class='ocrx_word' id='word_1_154' title='bbox 643 2827 853 2876; x_wconf 82' lang='lat' dir='ltr'><strong>stantes</strong></span> <span class='ocrx_word' id='word_1_155' title='bbox 872 2836 997 2877; x_wconf 83' lang='lat' dir='ltr'><strong>cum</strong></span> <span class='ocrx_word' id='word_1_156' title='bbox 1023 2833 1370 2893; x_wconf 88' lang='lat' dir='ltr'><strong>sceptrorum</strong></span> <span class='ocrx_word' id='word_1_157' title='bbox 1395 2823 1623 2880; x_wconf 91' lang='lat' dir='ltr'><strong>domino</strong></span> <span class='ocrx_word' id='word_1_158' title='bbox 1653 2823 1950 2881; x_wconf 87' lang='lat' dir='ltr'><strong>divisorem</strong></span> 
     </span>
    </p>
   </div>
   <div class='ocr_carea' id='block_1_26' title="bbox 369 2910 1954 2989">
    <p class='ocr_par' dir='ltr' id='par_1_26' title="bbox 369 2910 1954 2989">
     <span class='ocr_line' id='line_1_26' title="bbox 369 2910 1954 2989; baseline 0.004 -24"><span class='ocrx_word' id='word_1_159' title='bbox 369 2910 728 2982; x_wconf 82' lang='lat' dir='ltr'><strong>dejiciebant.</strong></span> <span class='ocrx_word' id='word_1_160' title='bbox 759 2913 994 2982; x_wconf 88' lang='lat' dir='ltr'><strong>Deinde,</strong></span> <span class='ocrx_word' id='word_1_161' title='bbox 1028 2916 1235 2986; x_wconf 83' lang='lat' dir='ltr'><strong>inquit,</strong></span> <span class='ocrx_word' id='word_1_162' title='bbox 1279 2917 1546 2989; x_wconf 84' lang='lat' dir='ltr'><strong>Eutychis</strong></span> <span class='ocrx_word' id='word_1_163' title='bbox 1576 2918 1846 2974; x_wconf 79' lang='lat' dir='ltr'><strong>delirante</strong></span> <span class='ocrx_word' id='word_1_164' title='bbox 1872 2920 1954 2972; x_wconf 84' lang='lat' dir='ltr'><strong>in-</strong></span> 
     </span>
    </p>
   </div>
   <div class='ocr_carea' id='block_1_27' title="bbox 371 3004 1952 3082">
    <p class='ocr_par' dir='ltr' id='par_1_27' title="bbox 371 3004 1952 3082">
     <span class='ocr_line' id='line_1_27' title="bbox 371 3004 1952 3082; baseline 0.006 -25"><span class='ocrx_word' id='word_1_165' title='bbox 371 3004 524 3059; x_wconf 78' lang='lat' dir='ltr'><strong>sania</strong></span> <span class='ocrx_word' id='word_1_166' title='bbox 578 3022 776 3062; x_wconf 84' lang='lat' dir='ltr'><strong>novam</strong></span> <span class='ocrx_word' id='word_1_167' title='bbox 828 3008 1096 3075; x_wconf 76' lang='lat' dir='ltr'><strong>fabulam,</strong></span> <span class='ocrx_word' id='word_1_168' title='bbox 1152 3010 1352 3067; x_wconf 81' lang='lat' dir='ltr'><strong>Leonis</strong></span> <span class='ocrx_word' id='word_1_169' title='bbox 1404 3012 1635 3082; x_wconf 88' lang='lat' dir='ltr'><strong>cpistola</strong></span> <span class='ocrx_word' id='word_1_170' title='bbox 1694 3020 1952 3081; x_wconf 73' lang='lat' dir='ltr'><strong>tanquam</strong></span> 
     </span>
    </p>
   </div>
   <div class='ocr_carea' id='block_1_28' title="bbox 373 3100 1954 3176">
    <p class='ocr_par' dir='ltr' id='par_1_28' title="bbox 373 3100 1954 3176">
     <span class='ocr_line' id='line_1_28' title="bbox 373 3100 1954 3176; baseline 0.006 -24"><span class='ocrx_word' id='word_1_171' title='bbox 373 3100 589 3170; x_wconf 76' lang='lat' dir='ltr'><strong>rugitus</strong></span> <span class='ocrx_word' id='word_1_172' title='bbox 620 3102 817 3169; x_wconf 87' lang='lat' dir='ltr'><strong>leonis,</strong></span> <span class='ocrx_word' id='word_1_173' title='bbox 858 3105 1056 3174; x_wconf 75' lang='lat' dir='ltr'><strong>grandi</strong></span> <span class='ocrx_word' id='word_1_174' title='bbox 1094 3107 1279 3161; x_wconf 84' lang='lat' dir='ltr'><strong>sonitu</strong></span> <span class='ocrx_word' id='word_1_175' title='bbox 1309 3120 1377 3161; x_wconf 79' lang='lat' dir='ltr'><strong>ex</strong></span> <span class='ocrx_word' id='word_1_176' title='bbox 1410 3106 1547 3161; x_wconf 86' lang='lat' dir='ltr'><strong>urbe</strong></span> <span class='ocrx_word' id='word_1_177' title='bbox 1581 3116 1954 3176; x_wconf 87' lang='lat' dir='ltr'><strong>perstrepens;</strong></span> 
     </span>
    </p>
   </div>
   <div class='ocr_carea' id='block_1_29' title="bbox 370 3195 1957 3270">
    <p class='ocr_par' dir='ltr' id='par_1_29' title="bbox 370 3195 1957 3270">
     <span class='ocr_line' id='line_1_29' title="bbox 370 3195 1957 3270; baseline 0.003 -22"><span class='ocrx_word' id='word_1_178' title='bbox 370 3195 864 3250; x_wconf 80' lang='lat' dir='ltr'><strong>archimandritam</strong></span> <span class='ocrx_word' id='word_1_179' title='bbox 907 3206 1038 3252; x_wconf 90' lang='lat' dir='ltr'><strong>tunc</strong></span> <span class='ocrx_word' id='word_1_180' title='bbox 1069 3199 1333 3270; x_wconf 89' lang='lat' dir='ltr'><strong>temporis</strong></span> <span class='ocrx_word' id='word_1_181' title='bbox 1370 3199 1603 3255; x_wconf 87' lang='lat' dir='ltr'><strong>bestiam</strong></span> <span class='ocrx_word' id='word_1_182' title='bbox 1637 3198 1957 3270; x_wconf 85' lang='lat' dir='ltr'><strong>perterruit,</strong></span> 
     </span>
    </p>
   </div>
   <div class='ocr_carea' id='block_1_30' title="bbox 369 3287 1455 3363">
    <p class='ocr_par' dir='ltr' id='par_1_30' title="bbox 369 3287 1455 3363">
     <span class='ocr_line' id='line_1_30' title="bbox 369 3287 1455 3363; baseline 0.005 -24"><span class='ocrx_word' id='word_1_183' title='bbox 369 3294 426 3340; x_wconf 81' lang='lat' dir='ltr'><strong>ct</strong></span> <span class='ocrx_word' id='word_1_184' title='bbox 460 3300 492 3341; x_wconf 89' lang='lat' dir='ltr'><strong>e</strong></span> <span class='ocrx_word' id='word_1_185' title='bbox 528 3287 930 3345; x_wconf 84' lang='lat' dir='ltr'><strong>monachorum</strong></span> <span class='ocrx_word' id='word_1_186' title='bbox 962 3290 1174 3362; x_wconf 88' lang='lat' dir='ltr'><strong>depulit</strong></span> <span class='ocrx_word' id='word_1_187' title='bbox 1211 3307 1397 3363; x_wconf 79' lang='lat' dir='ltr'><strong>grege.</strong></span> <span class='ocrx_word' id='word_1_188' title='bbox 1436 3311 1455 3344; x_wconf 74' lang='grc' dir='ltr'><strong>ι</strong></span> 
     </span>
    </p>
   </div>
   <div class='ocr_carea' id='block_1_31' title="bbox 2626 787 3071 846">
    <p class='ocr_par' dir='ltr' id='par_1_31' title="bbox 2626 787 3071 846">
     <span class='ocr_line' id='line_1_31' title="bbox 2626 787 3071 846; baseline -0.009 0"><span class='ocrx_word' id='word_1_189' title='bbox 2626 787 3071 846; x_wconf 78' lang='grc' dir='ltr'><strong>ΔΝΤΙΡΡΗΣῘΣ.</strong></span> 
     </span>
    </p>
   </div>
   <div class='ocr_carea' id='block_1_32' title="bbox 2131 919 3644 999">
    <p class='ocr_par' dir='ltr' id='par_1_32' title="bbox 2131 919 3644 999">
     <span class='ocr_line' id='line_1_32' title="bbox 2131 919 3644 999; baseline -0.006 -15"><span class='ocrx_word' id='word_1_190' title='bbox 2131 930 2194 984; x_wconf 77' lang='lat' dir='ltr'><strong>Ei</strong></span> <span class='ocrx_word' id='word_1_191' title='bbox 2222 930 2334 993; x_wconf 74' lang='grc' dir='ltr'><strong>τοῖς</strong></span> <span class='ocrx_word' id='word_1_192' title='bbox 2368 930 2627 999; x_wconf 77' lang='grc' dir='ltr'><strong>φανεροῖς</strong></span> <span class='ocrx_word' id='word_1_193' title='bbox 2658 925 2967 996; x_wconf 79' lang='grc' dir='ltr'><strong>ἀντιλέγειν</strong></span> <span class='ocrx_word' id='word_1_194' title='bbox 3001 923 3120 978; x_wconf 68' lang='grc' dir='ltr'><strong>ἐστὶ</strong></span> <span class='ocrx_word' id='word_1_195' title='bbox 3149 919 3212 977; x_wconf 82' lang='grc' dir='ltr'><strong>τδ</strong></span> <span class='ocrx_word' id='word_1_196' title='bbox 3236 922 3423 994; x_wconf 82' lang='grc' dir='ltr'><strong>ζητεῖν</strong></span> <span class='ocrx_word' id='word_1_197' title='bbox 3446 924 3507 977; x_wconf 77' lang='grc' dir='ltr'><strong>ἐν</strong></span> <span class='ocrx_word' id='word_1_198' title='bbox 3531 922 3644 986; x_wconf 83' lang='grc' dir='ltr'><strong>τοῖς</strong></span> 
     </span>
    </p>
   </div>
   <div class='ocr_carea' id='block_1_33' title="bbox 2058 1015 3643 1092">
    <p class='ocr_par' dir='ltr' id='par_1_33' title="bbox 2058 1015 3643 1092">
     <span class='ocr_line' id='line_1_33' title="bbox 2058 1015 3643 1092; baseline -0.006 -17"><span class='ocrx_word' id='word_1_199' title='bbox 2058 1024 2167 1075; x_wconf 76' lang='grc' dir='ltr'><strong>τῶν</strong></span> <span class='ocrx_word' id='word_1_200' title='bbox 2206 1021 2444 1076; x_wconf 78' lang='grc' dir='ltr'>συνόδων</span> <span class='ocrx_word' id='word_1_201' title='bbox 2485 1020 2821 1092; x_wconf 83' lang='grc' dir='ltr'><strong>Πρακτικοῖς</strong></span> <span class='ocrx_word' id='word_1_202' title='bbox 2848 1017 2950 1085; x_wconf 83' lang='grc' dir='ltr'><strong>τὴν</strong></span> <span class='ocrx_word' id='word_1_203' title='bbox 2982 1015 3376 1087; x_wconf 79' lang='grc' dir='ltr'><strong>προσήκουσαν</strong></span> <span class='ocrx_word' id='word_1_204' title='bbox 3411 1029 3643 1083; x_wconf 83' lang='grc' dir='ltr'><strong>συμφω-</strong></span> 
     </span>
    </p>
   </div>
   <div class='ocr_carea' id='block_1_34' title="bbox 2059 1105 3643 1186">
    <p class='ocr_par' dir='ltr' id='par_1_34' title="bbox 2059 1105 3643 1186">
     <span class='ocr_line' id='line_1_34' title="bbox 2059 1105 3643 1186; baseline -0.008 -16"><span class='ocrx_word' id='word_1_205' title='bbox 2059 1115 2200 1182; x_wconf 86' lang='grc' dir='ltr'><strong>νίαν,</strong></span> <span class='ocrx_word' id='word_1_206' title='bbox 2250 1113 2315 1168; x_wconf 81' lang='grc' dir='ltr'><strong>τὺ</strong></span> <span class='ocrx_word' id='word_1_207' title='bbox 2367 1113 2445 1186; x_wconf 83' lang='grc' dir='ltr'><strong>μὴ</strong></span> <span class='ocrx_word' id='word_1_208' title='bbox 2491 1112 2698 1182; x_wconf 87' lang='grc' dir='ltr'><strong>ταύτην</strong></span> <span class='ocrx_word' id='word_1_209' title='bbox 2746 1110 2933 1182; x_wconf 83' lang='grc' dir='ltr'><strong>ζητεῖν</strong></span> <span class='ocrx_word' id='word_1_210' title='bbox 2978 1108 3288 1176; x_wconf 75' lang='grc' dir='ltr'><strong>ἀντιλέγειν</strong></span> <span class='ocrx_word' id='word_1_211' title='bbox 3327 1105 3482 1160; x_wconf 75' lang='grc' dir='ltr'><strong>εσται</strong></span> <span class='ocrx_word' id='word_1_212' title='bbox 3523 1108 3643 1168; x_wconf 78' lang='grc' dir='ltr'><strong>ταῖς</strong></span> 
     </span>
    </p>
   </div>
   <div class='ocr_carea' id='block_1_35' title="bbox 2060 1198 3643 1278">
    <p class='ocr_par' dir='ltr' id='par_1_35' title="bbox 2060 1198 3643 1278">
     <span class='ocr_line' id='line_1_35' title="bbox 2060 1198 3643 1278; baseline -0.008 -14"><span class='ocrx_word' id='word_1_213' title='bbox 2060 1208 2325 1274; x_wconf 86' lang='grc' dir='ltr'><strong>συνόδοις.</strong></span> <span class='ocrx_word' id='word_1_214' title='bbox 2384 1205 2804 1278; x_wconf 86' lang='grc' dir='ltr'><strong>Συναγηγέρθαι</strong></span> <span class='ocrx_word' id='word_1_215' title='bbox 2858 1203 3027 1275; x_wconf 78' lang='grc' dir='ltr'><strong>φησὶν</strong></span> <span class='ocrx_word' id='word_1_216' title='bbox 3076 1205 3109 1273; x_wconf 81' lang='grc' dir='ltr'>ἡ</span> <span class='ocrx_word' id='word_1_217' title='bbox 3178 1199 3372 1273; x_wconf 85' lang='grc' dir='ltr'><strong>πρώτη</strong></span> <span class='ocrx_word' id='word_1_218' title='bbox 3423 1198 3643 1263; x_wconf 80' lang='grc' dir='ltr'>σύνοδος</span> 
     </span>
    </p>
   </div>
   <div class='ocr_carea' id='block_1_36' title="bbox 2059 1295 3642 1373">
    <p class='ocr_par' dir='ltr' id='par_1_36' title="bbox 2059 1295 3642 1373">
     <span class='ocr_line' id='line_1_36' title="bbox 2059 1295 3642 1373; baseline -0.009 -16"><span class='ocrx_word' id='word_1_219' title='bbox 2059 1303 2165 1358; x_wconf 78' lang='grc' dir='ltr'><strong>ὑπὸ</strong></span> <span class='ocrx_word' id='word_1_220' title='bbox 2197 1302 2300 1372; x_wconf 78' lang='grc' dir='ltr'><strong>τῆς</strong></span> <span class='ocrx_word' id='word_1_221' title='bbox 2329 1300 2466 1355; x_wconf 81' lang='grc' dir='ltr'><strong>Θεοῦ</strong></span> <span class='ocrx_word' id='word_1_222' title='bbox 2498 1301 2721 1373; x_wconf 84' lang='grc' dir='ltr'><strong>χάριτος</strong></span> <span class='ocrx_word' id='word_1_223' title='bbox 2755 1299 2850 1352; x_wconf 79' lang='grc' dir='ltr'><strong>καὶ</strong></span> <span class='ocrx_word' id='word_1_224' title='bbox 2898 1296 2992 1351; x_wconf 81' lang='grc' dir='ltr'><strong>τοῦ</strong></span> <span class='ocrx_word' id='word_1_225' title='bbox 3039 1296 3309 1367; x_wconf 84' lang='grc' dir='ltr'><strong>βασιλέως</strong></span> <span class='ocrx_word' id='word_1_226' title='bbox 3345 1295 3642 1347; x_wconf 81' lang='grc' dir='ltr'><strong>Κωνσταν-</strong></span> 
     </span>
    </p>
   </div>
   <div class='ocr_carea' id='block_1_37' title="bbox 2057 1385 3643 1467">
    <p class='ocr_par' dir='ltr' id='par_1_37' title="bbox 2057 1385 3643 1467">
     <span class='ocr_line' id='line_1_37' title="bbox 2057 1385 3643 1467; baseline -0.009 -15"><span class='ocrx_word' id='word_1_227' title='bbox 2057 1394 2559 1467; x_wconf 80' lang='grc' dir='ltr'><strong>τίνου.Ἑξηγεῐται</strong></span> <span class='ocrx_word' id='word_1_228' title='bbox 2598 1392 2756 1449; x_wconf 81' lang='grc' dir='ltr'><strong>τοῦτο</strong></span> <span class='ocrx_word' id='word_1_229' title='bbox 2784 1393 2817 1459; x_wconf 81' lang='grc' dir='ltr'><strong>ἠ</strong></span> <span class='ocrx_word' id='word_1_230' title='bbox 2854 1390 2988 1460; x_wconf 79' lang='grc' dir='ltr'><strong>ἁγία</strong></span> <span class='ocrx_word' id='word_1_231' title='bbox 3032 1389 3167 1461; x_wconf 77' lang='grc' dir='ltr'><strong>ἕκτη</strong></span> <span class='ocrx_word' id='word_1_232' title='bbox 3207 1387 3425 1449; x_wconf 77' lang='grc' dir='ltr'>σύνοδος</span> <span class='ocrx_word' id='word_1_233' title='bbox 3468 1387 3528 1437; x_wconf 78' lang='grc' dir='ltr'><strong>ἐν</strong></span> <span class='ocrx_word' id='word_1_234' title='bbox 3565 1385 3643 1454; x_wconf 82' lang='grc' dir='ltr'><strong>τῷ</strong></span> 
     </span>
    </p>
   </div>
   <div class='ocr_carea' id='block_1_38' title="bbox 2060 1479 3640 1564">
    <p class='ocr_par' dir='ltr' id='par_1_38' title="bbox 2060 1479 3640 1564">
     <span class='ocr_line' id='line_1_38' title="bbox 2060 1479 3640 1564; baseline -0.009 -19"><span class='ocrx_word' id='word_1_235' title='bbox 2060 1486 2503 1564; x_wconf 81' lang='grc' dir='ltr'><strong>προσφωνητικῷ</strong></span> <span class='ocrx_word' id='word_1_236' title='bbox 2560 1485 2699 1557; x_wconf 79' lang='grc' dir='ltr'><strong>πρὸς</strong></span> <span class='ocrx_word' id='word_1_237' title='bbox 2750 1484 2845 1540; x_wconf 76' lang='grc' dir='ltr'><strong>τὸν</strong></span> <span class='ocrx_word' id='word_1_238' title='bbox 2903 1482 3133 1555; x_wconf 81' lang='grc' dir='ltr'><strong>βασιλέα</strong></span> <span class='ocrx_word' id='word_1_239' title='bbox 3192 1479 3640 1536; x_wconf 82' lang='grc' dir='ltr'><strong>Κωνσταντῖνον·</strong></span> 
     </span>
    </p>
   </div>
   <div class='ocr_carea' id='block_1_39' title="bbox 2063 1568 3643 1653">
    <p class='ocr_par' dir='ltr' id='par_1_39' title="bbox 2063 1568 3643 1653">
     <span class='ocr_line' id='line_1_39' title="bbox 2063 1568 3643 1653; baseline -0.01 -18"><span class='ocrx_word' id='word_1_240' title='bbox 2063 1601 2084 1635; x_wconf 77' lang='grc' dir='ltr'><strong>ι</strong></span> <span class='ocrx_word' id='word_1_241' title='bbox 2125 1583 2367 1653; x_wconf 70' lang='grc' dir='ltr'><strong>Ἄρειος,</strong></span> <span class='ocrx_word' id='word_1_242' title='bbox 2428 1578 2597 1652; x_wconf 68' lang='grc' dir='ltr'><strong>φησὶ,</strong></span> <span class='ocrx_word' id='word_1_243' title='bbox 2661 1577 2943 1649; x_wconf 81' lang='grc' dir='ltr'><strong>διαιρέτης</strong></span> <span class='ocrx_word' id='word_1_244' title='bbox 2997 1576 3093 1628; x_wconf 70' lang='grc' dir='ltr'><strong>καὶ</strong></span> <span class='ocrx_word' id='word_1_245' title='bbox 3141 1570 3490 1641; x_wconf 78' lang='grc' dir='ltr'><strong>κατατομεὺς</strong></span> <span class='ocrx_word' id='word_1_246' title='bbox 3541 1568 3643 1638; x_wconf 78' lang='grc' dir='ltr'><strong>τῆς</strong></span> 
     </span>
    </p>
   </div>
   <div class='ocr_carea' id='block_1_40' title="bbox 2058 1663 3643 1747">
    <p class='ocr_par' dir='ltr' id='par_1_40' title="bbox 2058 1663 3643 1747">
     <span class='ocr_line' id='line_1_40' title="bbox 2058 1663 3643 1747; baseline -0.011 -17"><span class='ocrx_word' id='word_1_247' title='bbox 2058 1675 2294 1747; x_wconf 83' lang='grc' dir='ltr'><strong>Τριάδος</strong></span> <span class='ocrx_word' id='word_1_248' title='bbox 2324 1675 2618 1744; x_wconf 74' lang='grc' dir='ltr'><strong>ἐγήγερτο,</strong></span> <span class='ocrx_word' id='word_1_249' title='bbox 2663 1669 2761 1727; x_wconf 68' lang='grc' dir='ltr'><strong>καὶ</strong></span> <span class='ocrx_word' id='word_1_250' title='bbox 2812 1667 3132 1740; x_wconf 79' lang='grc' dir='ltr'><strong>παραυτίκα</strong></span> <span class='ocrx_word' id='word_1_251' title='bbox 3176 1665 3587 1725; x_wconf 82' lang='grc' dir='ltr'><strong>Κωνσταντῖνος</strong></span> <span class='ocrx_word' id='word_1_252' title='bbox 3615 1663 3643 1714; x_wconf 82' lang='grc' dir='ltr'><strong>ό</strong></span> 
     </span>
    </p>
   </div>
   <div class='ocr_carea' id='block_1_41' title="bbox 2056 1751 3644 1833">
    <p class='ocr_par' dir='ltr' id='par_1_41' title="bbox 2056 1751 3644 1833">
     <span class='ocr_line' id='line_1_41' title="bbox 2056 1751 3644 1833; baseline -0.012 -10"><span class='ocrx_word' id='word_1_253' title='bbox 2056 1751 2413 1831; x_wconf 82' lang='grc' dir='ltr'><strong>άεισέϐαστος</strong></span> <span class='ocrx_word' id='word_1_254' title='bbox 2436 1767 2530 1820; x_wconf 74' lang='grc' dir='ltr'><strong>καὶ</strong></span> <span class='ocrx_word' id='word_1_255' title='bbox 2557 1764 2884 1833; x_wconf 76' lang='grc' dir='ltr'><strong>Σίλϐεστρος</strong></span> <span class='ocrx_word' id='word_1_256' title='bbox 2914 1765 2942 1817; x_wconf 86' lang='grc' dir='ltr'><strong>ὁ</strong></span> <span class='ocrx_word' id='word_1_257' title='bbox 2964 1761 3211 1831; x_wconf 80' lang='grc' dir='ltr'>ἀοίδιμος</span> <span class='ocrx_word' id='word_1_258' title='bbox 3236 1759 3332 1829; x_wconf 84' lang='grc' dir='ltr'><strong>τὴν</strong></span> <span class='ocrx_word' id='word_1_259' title='bbox 3354 1759 3412 1810; x_wconf 83' lang='grc' dir='ltr'><strong>ὲν</strong></span> <span class='ocrx_word' id='word_1_260' title='bbox 3439 1755 3644 1827; x_wconf 75' lang='grc' dir='ltr'><strong>Νικαία</strong></span> 
     </span>
    </p>
   </div>
   <div class='ocr_carea' id='block_1_42' title="bbox 2063 1846 3636 1933">
    <p class='ocr_par' dir='ltr' id='par_1_42' title="bbox 2063 1846 3636 1933">
     <span class='ocr_line' id='line_1_42' title="bbox 2063 1846 3636 1933; baseline -0.011 -16"><span class='ocrx_word' id='word_1_261' title='bbox 2063 1862 2310 1933; x_wconf 79' lang='grc' dir='ltr'><strong>μεγάλην</strong></span> <span class='ocrx_word' id='word_1_262' title='bbox 2363 1877 2424 1914; x_wconf 81' lang='grc' dir='ltr'><strong>τε</strong></span> <span class='ocrx_word' id='word_1_263' title='bbox 2474 1862 2572 1915; x_wconf 80' lang='grc' dir='ltr'><strong>καὶ</strong></span> <span class='ocrx_word' id='word_1_264' title='bbox 2622 1855 2993 1928; x_wconf 74' lang='grc' dir='ltr'><strong>περίϐλεπτον</strong></span> <span class='ocrx_word' id='word_1_265' title='bbox 3042 1852 3336 1917; x_wconf 76' lang='grc' dir='ltr'><strong>συνέλεγον</strong></span> <span class='ocrx_word' id='word_1_266' title='bbox 3402 1846 3636 1901; x_wconf 86' lang='grc' dir='ltr'>σύνοδον.</span> 
     </span>
    </p>
   </div>
   <div class='ocr_carea' id='block_1_43' title="bbox 2060 1939 3643 2025">
    <p class='ocr_par' dir='ltr' id='par_1_43' title="bbox 2060 1939 3643 2025">
     <span class='ocr_line' id='line_1_43' title="bbox 2060 1939 3643 2025; baseline -0.013 -13"><span class='ocrx_word' id='word_1_267' title='bbox 2060 1958 2325 2025; x_wconf 85' lang='grc' dir='ltr'><strong>Συνέλεγε</strong></span> <span class='ocrx_word' id='word_1_268' title='bbox 2352 1954 2770 2014; x_wconf 84' lang='grc' dir='ltr'><strong>Κωνσταντϊνος</strong></span> <span class='ocrx_word' id='word_1_269' title='bbox 2798 1950 2898 2004; x_wconf 76' lang='grc' dir='ltr'><strong>καὶ</strong></span> <span class='ocrx_word' id='word_1_270' title='bbox 2921 1948 3271 2017; x_wconf 77' lang='grc' dir='ltr'><strong>Σίλόεστρος·</strong></span> <span class='ocrx_word' id='word_1_271' title='bbox 3304 1942 3406 1996; x_wconf 78' lang='grc' dir='ltr'><strong>οὐκ</strong></span> <span class='ocrx_word' id='word_1_272' title='bbox 3444 1939 3643 2010; x_wconf 76' lang='grc' dir='ltr'><strong>ἀληθὲς</strong></span> 
     </span>
    </p>
   </div>
   <div class='ocr_carea' id='block_1_44' title="bbox 2061 2031 3645 2124">
    <p class='ocr_par' dir='ltr' id='par_1_44' title="bbox 2061 2031 3645 2124">
     <span class='ocr_line' id='line_1_44' title="bbox 2061 2031 3645 2124; baseline -0.014 -16"><span class='ocrx_word' id='word_1_273' title='bbox 2061 2053 2170 2124; x_wconf 76' lang='grc' dir='ltr'><strong>ἄρα</strong></span> <span class='ocrx_word' id='word_1_274' title='bbox 2194 2052 2222 2106; x_wconf 86' lang='grc' dir='ltr'>ὃ</span> <span class='ocrx_word' id='word_1_275' title='bbox 2254 2051 2458 2121; x_wconf 82' lang='grc' dir='ltr'><strong>λέγεις,</strong></span> <span class='ocrx_word' id='word_1_276' title='bbox 2481 2047 2565 2103; x_wconf 80' lang='grc' dir='ltr'><strong>ὅτι</strong></span> <span class='ocrx_word' id='word_1_277' title='bbox 2602 2042 2945 2119; x_wconf 79' lang='grc' dir='ltr'><strong>βασιλεῦσιν,</strong></span> <span class='ocrx_word' id='word_1_278' title='bbox 2975 2043 3076 2096; x_wconf 78' lang='grc' dir='ltr'><strong>οὐκ</strong></span> <span class='ocrx_word' id='word_1_279' title='bbox 3116 2037 3436 2100; x_wconf 74' lang='grc' dir='ltr'><strong>ἐπισκόποις</strong></span> <span class='ocrx_word' id='word_1_280' title='bbox 3470 2031 3645 2089; x_wconf 80' lang='grc' dir='ltr'><strong>ταῦτα</strong></span> 
     </span>
    </p>
   </div>
   <div class='ocr_carea' id='block_1_45' title="bbox 1991 2144 2301 2216">
    <p class='ocr_par' dir='ltr' id='par_1_45' title="bbox 1991 2144 2301 2216">
     <span class='ocr_line' id='line_1_45' title="bbox 1991 2144 2301 2216; baseline 0.003 -20"><span class='ocrx_word' id='word_1_281' title='bbox 1991 2163 2031 2216; x_wconf 68' lang='grc' dir='ltr'><strong>Β</strong></span> <span class='ocrx_word' id='word_1_282' title='bbox 2062 2144 2301 2198; x_wconf 82' lang='grc' dir='ltr'><strong>ἀνεῖται.</strong></span> 
     </span>
    </p>
   </div>
   <div class='ocr_carea' id='block_1_46' title="bbox 2149 2237 3645 2326">
    <p class='ocr_par' dir='ltr' id='par_1_46' title="bbox 2149 2237 3645 2326">
     <span class='ocr_line' id='line_1_46' title="bbox 2149 2237 3645 2326; baseline -0.014 -16"><span class='ocrx_word' id='word_1_283' title='bbox 2149 2255 2429 2316; x_wconf 78' lang='grc' dir='ltr'><strong>Ὡσαύτως</strong></span> <span class='ocrx_word' id='word_1_284' title='bbox 2459 2254 2592 2326; x_wconf 66' lang='grc' dir='ltr'><strong>περὶ</strong></span> <span class='ocrx_word' id='word_1_285' title='bbox 2622 2255 2725 2322; x_wconf 80' lang='grc' dir='ltr'><strong>τῆς</strong></span> <span class='ocrx_word' id='word_1_286' title='bbox 2749 2248 3013 2320; x_wconf 79' lang='grc' dir='ltr'><strong>δευτέρας</strong></span> <span class='ocrx_word' id='word_1_287' title='bbox 3046 2243 3236 2316; x_wconf 71' lang='grc' dir='ltr'><strong>φησὶν,</strong></span> <span class='ocrx_word' id='word_1_288' title='bbox 3262 2241 3345 2297; x_wconf 83' lang='grc' dir='ltr'><strong>ὅτι</strong></span> <span class='ocrx_word' id='word_1_289' title='bbox 3367 2237 3645 2298; x_wconf 83' lang='grc' dir='ltr'><strong>Θεοδόσιος</strong></span> 
     </span>
    </p>
   </div>
   <div class='ocr_carea' id='block_1_47' title="bbox 2067 2331 3642 2422">
    <p class='ocr_par' dir='ltr' id='par_1_47' title="bbox 2067 2331 3642 2422">
     <span class='ocr_line' id='line_1_47' title="bbox 2067 2331 3642 2422; baseline -0.017 -15"><span class='ocrx_word' id='word_1_290' title='bbox 2067 2351 2165 2407; x_wconf 72' lang='grc' dir='ltr'><strong>καὶ</strong></span> <span class='ocrx_word' id='word_1_291' title='bbox 2189 2351 2445 2422; x_wconf 78' lang='grc' dir='ltr'><strong>Δάμασος</strong></span> <span class='ocrx_word' id='word_1_292' title='bbox 2490 2349 2520 2403; x_wconf 85' lang='grc' dir='ltr'><strong>ὁ</strong></span> <span class='ocrx_word' id='word_1_293' title='bbox 2548 2347 2785 2411; x_wconf 81' lang='grc' dir='ltr'><strong>πάππας</strong></span> <span class='ocrx_word' id='word_1_294' title='bbox 2821 2337 3178 2415; x_wconf 79' lang='grc' dir='ltr'><strong>συνήθροιζον</strong></span> <span class='ocrx_word' id='word_1_295' title='bbox 3226 2337 3320 2391; x_wconf 81' lang='grc' dir='ltr'><strong>τδν</strong></span> <span class='ocrx_word' id='word_1_296' title='bbox 3365 2331 3642 2399; x_wconf 74' lang='grc' dir='ltr'><strong>σύλλογον.</strong></span> 
     </span>
    </p>
   </div>
   <div class='ocr_carea' id='block_1_48' title="bbox 2140 2533 3643 2625">
    <p class='ocr_par' dir='ltr' id='par_1_48' title="bbox 2140 2533 3643 2625">
     <span class='ocr_line' id='line_1_48' title="bbox 2140 2533 3643 2625; baseline -0.017 -17"><span class='ocrx_word' id='word_1_297' title='bbox 2140 2537 2277 2625; x_wconf 70' lang='grc' dir='ltr'><strong>Περὶ</strong></span> <span class='ocrx_word' id='word_1_298' title='bbox 2325 2551 2384 2606; x_wconf 73' lang='grc' dir='ltr'><strong>δὶ</strong></span> <span class='ocrx_word' id='word_1_299' title='bbox 2437 2550 2540 2620; x_wconf 83' lang='grc' dir='ltr'><strong>τῆς</strong></span> <span class='ocrx_word' id='word_1_300' title='bbox 2599 2547 2795 2620; x_wconf 79' lang='grc' dir='ltr'><strong>τρίτης</strong></span> <span class='ocrx_word' id='word_1_301' title='bbox 2846 2544 2943 2599; x_wconf 80' lang='grc' dir='ltr'><strong>καὶ</strong></span> <span class='ocrx_word' id='word_1_302' title='bbox 2998 2541 3044 2595; x_wconf 89' lang='grc' dir='ltr'><strong>δ’</strong></span> <span class='ocrx_word' id='word_1_303' title='bbox 3096 2539 3320 2594; x_wconf 85' lang='grc' dir='ltr'>συνόδου</span> <span class='ocrx_word' id='word_1_304' title='bbox 3369 2533 3643 2603; x_wconf 71' lang='grc' dir='ltr'><strong>ἑξηγεῖται</strong></span> 
     </span>
    </p>
   </div>
   <div class='ocr_carea' id='block_1_49' title="bbox 2068 2625 3647 2719">
    <p class='ocr_par' dir='ltr' id='par_1_49' title="bbox 2068 2625 3647 2719">
     <span class='ocr_line' id='line_1_49' title="bbox 2068 2625 3647 2719; baseline -0.018 -14"><span class='ocrx_word' id='word_1_305' title='bbox 2068 2649 2269 2719; x_wconf 83' lang='grc' dir='ltr'><strong>ὁμοίως</strong></span> <span class='ocrx_word' id='word_1_306' title='bbox 2298 2649 2333 2717; x_wconf 79' lang='grc' dir='ltr'>ὴ</span> <span class='ocrx_word' id='word_1_307' title='bbox 2366 2647 2504 2718; x_wconf 67' lang='grc' dir='ltr'><strong>ἕκτη</strong></span> <span class='ocrx_word' id='word_1_308' title='bbox 2532 2646 2590 2698; x_wconf 74' lang='grc' dir='ltr'><strong>ἐν</strong></span> <span class='ocrx_word' id='word_1_309' title='bbox 2616 2639 2700 2708; x_wconf 85' lang='grc' dir='ltr'><strong>οἷς</strong></span> <span class='ocrx_word' id='word_1_310' title='bbox 2732 2642 2904 2708; x_wconf 74' lang='grc' dir='ltr'><strong>λέγει·</strong></span> <span class='ocrx_word' id='word_1_311' title='bbox 2935 2657 2956 2690; x_wconf 77' lang='grc' dir='ltr'><strong>ι</strong></span> <span class='ocrx_word' id='word_1_312' title='bbox 2988 2636 3162 2691; x_wconf 83' lang='grc' dir='ltr'><strong>Πάλιν</strong></span> <span class='ocrx_word' id='word_1_313' title='bbox 3190 2631 3509 2699; x_wconf 82' lang='grc' dir='ltr'><strong>Νεστόριος,</strong></span> <span class='ocrx_word' id='word_1_314' title='bbox 3549 2625 3647 2677; x_wconf 73' lang='grc' dir='ltr'><strong>καὶ</strong></span> 
     </span>
    </p>
   </div>
   <div class='ocr_carea' id='block_1_50' title="bbox 2071 2719 3647 2806">
    <p class='ocr_par' dir='ltr' id='par_1_50' title="bbox 2071 2719 3647 2806">
     <span class='ocr_line' id='line_1_50' title="bbox 2071 2719 3647 2806; baseline -0.018 -8"><span class='ocrx_word' id='word_1_315' title='bbox 2071 2743 2239 2798; x_wconf 81' lang='grc' dir='ltr'><strong>πάλιν</strong></span> <span class='ocrx_word' id='word_1_316' title='bbox 2265 2741 2593 2803; x_wconf 80' lang='grc' dir='ltr'><strong>Κελεστῖνος</strong></span> <span class='ocrx_word' id='word_1_317' title='bbox 2622 2738 2720 2793; x_wconf 79' lang='grc' dir='ltr'><strong>καὶ</strong></span> <span class='ocrx_word' id='word_1_318' title='bbox 2754 2732 3049 2806; x_wconf 81' lang='grc' dir='ltr'><strong>Κύριλλος·</strong></span> <span class='ocrx_word' id='word_1_319' title='bbox 3081 2732 3109 2782; x_wconf 88' lang='grc' dir='ltr'>ὁ</span> <span class='ocrx_word' id='word_1_320' title='bbox 3142 2728 3240 2798; x_wconf 70' lang='grc' dir='ltr'><strong>μὲν</strong></span> <span class='ocrx_word' id='word_1_321' title='bbox 3265 2725 3374 2794; x_wconf 74' lang='grc' dir='ltr'><strong>γὰρ</strong></span> <span class='ocrx_word' id='word_1_322' title='bbox 3400 2722 3492 2775; x_wconf 78' lang='grc' dir='ltr'><strong>τὸν</strong></span> <span class='ocrx_word' id='word_1_323' title='bbox 3516 2719 3647 2788; x_wconf 84' lang='grc' dir='ltr'><strong>Χρι-</strong></span> 
     </span>
    </p>
   </div>
   <div class='ocr_carea' id='block_1_51' title="bbox 2072 2810 3647 2908">
    <p class='ocr_par' dir='ltr' id='par_1_51' title="bbox 2072 2810 3647 2908">
     <span class='ocr_line' id='line_1_51' title="bbox 2072 2810 3647 2908; baseline -0.022 -14"><span class='ocrx_word' id='word_1_324' title='bbox 2072 2838 2200 2893; x_wconf 81' lang='grc' dir='ltr'>στδν</span> <span class='ocrx_word' id='word_1_325' title='bbox 2232 2835 2410 2908; x_wconf 78' lang='grc' dir='ltr'><strong>διῄρει</strong></span> <span class='ocrx_word' id='word_1_326' title='bbox 2431 2834 2527 2886; x_wconf 72' lang='grc' dir='ltr'><strong>καὶ</strong></span> <span class='ocrx_word' id='word_1_327' title='bbox 2555 2828 2935 2892; x_wconf 77' lang='grc' dir='ltr'><strong>κατεδίκαζεν,</strong></span> <span class='ocrx_word' id='word_1_328' title='bbox 2963 2826 3012 2877; x_wconf 77' lang='grc' dir='ltr'><strong>οἱ</strong></span> <span class='ocrx_word' id='word_1_329' title='bbox 3059 2822 3115 2875; x_wconf 68' lang='grc' dir='ltr'><strong>δὲ</strong></span> <span class='ocrx_word' id='word_1_330' title='bbox 3145 2820 3224 2899; x_wconf 69' lang='grc' dir='ltr'><strong>τῷ</strong></span> <span class='ocrx_word' id='word_1_331' title='bbox 3260 2816 3497 2885; x_wconf 77' lang='grc' dir='ltr'><strong>δεσπότῃ</strong></span> <span class='ocrx_word' id='word_1_332' title='bbox 3523 2810 3647 2864; x_wconf 86' lang='grc' dir='ltr'><strong>συλ-</strong></span> 
     </span>
    </p>
   </div>
   <div class='ocr_carea' id='block_1_52' title="bbox 2073 2908 3650 2998">
    <p class='ocr_par' dir='ltr' id='par_1_52' title="bbox 2073 2908 3650 2998">
     <span class='ocr_line' id='line_1_52' title="bbox 2073 2908 3650 2998; baseline -0.016 -15"><span class='ocrx_word' id='word_1_333' title='bbox 2073 2929 2481 2998; x_wconf 76' lang='grc' dir='ltr'><strong>λαμϐανόμενοι</strong></span> <span class='ocrx_word' id='word_1_334' title='bbox 2510 2926 2609 2978; x_wconf 75' lang='grc' dir='ltr'><strong>σὺν</strong></span> <span class='ocrx_word' id='word_1_335' title='bbox 2644 2924 2722 2992; x_wconf 80' lang='grc' dir='ltr'><strong>τῷ</strong></span> <span class='ocrx_word' id='word_1_336' title='bbox 2754 2922 2864 2976; x_wconf 80' lang='grc' dir='ltr'><strong>τῶν</strong></span> <span class='ocrx_word' id='word_1_337' title='bbox 2890 2921 3188 2990; x_wconf 72' lang='grc' dir='ltr'><strong>σκήπτρων</strong></span> <span class='ocrx_word' id='word_1_338' title='bbox 3218 2912 3527 2975; x_wconf 76' lang='grc' dir='ltr'><strong>δεσπόζοντι</strong></span> <span class='ocrx_word' id='word_1_339' title='bbox 3558 2908 3650 2998; x_wconf 65' lang='grc' dir='ltr'><strong>τον</strong></span> 
     </span>
    </p>
   </div>
   <div class='ocr_carea' id='block_1_53' title="bbox 2074 2996 3648 3092">
    <p class='ocr_par' dir='ltr' id='par_1_53' title="bbox 2074 2996 3648 3092">
     <span class='ocr_line' id='line_1_53' title="bbox 2074 2996 3648 3092; baseline -0.012 -15"><span class='ocrx_word' id='word_1_340' title='bbox 2074 2996 2390 3092; x_wconf 76' lang='grc' dir='ltr'><strong>κατατομέα</strong></span> <span class='ocrx_word' id='word_1_341' title='bbox 2422 3016 2778 3073; x_wconf 79' lang='grc' dir='ltr'><strong>κατέϐαλλον.</strong></span> <span class='ocrx_word' id='word_1_342' title='bbox 2830 3009 2983 3073; x_wconf 69' lang='grc' dir='ltr'><strong>Εἶτα.</strong></span> <span class='ocrx_word' id='word_1_343' title='bbox 3032 3012 3191 3079; x_wconf 78' lang='grc' dir='ltr'><strong>φησὶ,</strong></span> <span class='ocrx_word' id='word_1_344' title='bbox 3231 3005 3329 3071; x_wconf 77' lang='grc' dir='ltr'><strong>τῆς</strong></span> <span class='ocrx_word' id='word_1_345' title='bbox 3377 2996 3648 3092; x_wconf 62' lang='grc' dir='ltr'><strong>Εὐτυχοῖις</strong></span> 
     </span>
    </p>
   </div>
   <div class='ocr_carea' id='block_1_54' title="bbox 2076 3090 3647 3187">
    <p class='ocr_par' dir='ltr' id='par_1_54' title="bbox 2076 3090 3647 3187">
     <span class='ocr_line' id='line_1_54' title="bbox 2076 3090 3647 3187; baseline -0.02 -15"><span class='ocrx_word' id='word_1_346' title='bbox 2076 3117 2265 3181; x_wconf 80' lang='grc' dir='ltr'><strong>ἀνοίας</strong></span> <span class='ocrx_word' id='word_1_347' title='bbox 2288 3090 2653 3187; x_wconf 83' lang='grc' dir='ltr'><strong>ληρωδούσης</strong></span> <span class='ocrx_word' id='word_1_348' title='bbox 2684 3110 2875 3179; x_wconf 74' lang='grc' dir='ltr'><strong>ἕτερον</strong></span> <span class='ocrx_word' id='word_1_349' title='bbox 2929 3104 3074 3176; x_wconf 74' lang='grc' dir='ltr'><strong>μύθη</strong></span> <span class='ocrx_word' id='word_1_350' title='bbox 3086 3119 3184 3172; x_wconf 84' lang='grc' dir='ltr'><strong>μα,</strong></span> <span class='ocrx_word' id='word_1_351' title='bbox 3221 3098 3443 3153; x_wconf 82' lang='grc' dir='ltr'><strong>Λέοντος</strong></span> <span class='ocrx_word' id='word_1_352' title='bbox 3467 3090 3647 3161; x_wconf 57' lang='lat' dir='ltr'><strong>nso.</strong></span> 
     </span>
    </p>
   </div>
   <div class='ocr_carea' id='block_1_55' title="bbox 2076 3186 3648 3278">
    <p class='ocr_par' dir='ltr' id='par_1_55' title="bbox 2076 3186 3648 3278">
     <span class='ocr_line' id='line_1_55' title="bbox 2076 3186 3648 3278; baseline -0.015 -13"><span class='ocrx_word' id='word_1_353' title='bbox 2076 3227 2172 3274; x_wconf 85' lang='grc' dir='ltr'><strong>τος</strong></span> <span class='ocrx_word' id='word_1_354' title='bbox 2197 3186 2455 3277; x_wconf 81' lang='grc' dir='ltr'><strong>καθάπερ</strong></span> <span class='ocrx_word' id='word_1_355' title='bbox 2490 3205 2750 3278; x_wconf 83' lang='grc' dir='ltr'><strong>βρύχημα</strong></span> <span class='ocrx_word' id='word_1_356' title='bbox 2773 3202 2987 3264; x_wconf 80' lang='grc' dir='ltr'><strong>λέοντος</strong></span> <span class='ocrx_word' id='word_1_357' title='bbox 3020 3195 3306 3270; x_wconf 79' lang='grc' dir='ltr'><strong>ῥωμαλέον</strong></span> <span class='ocrx_word' id='word_1_358' title='bbox 3332 3194 3397 3244; x_wconf 65' lang='grc' dir='ltr'><strong>ἐκ</strong></span> <span class='ocrx_word' id='word_1_359' title='bbox 3435 3186 3648 3254; x_wconf 70' lang='grc' dir='ltr'><strong>Ῥώμης</strong></span> 
     </span>
    </p>
   </div>
   <div class='ocr_carea' id='block_1_56' title="bbox 2077 3278 3649 3375">
    <p class='ocr_par' dir='ltr' id='par_1_56' title="bbox 2077 3278 3649 3375">
     <span class='ocr_line' id='line_1_56' title="bbox 2077 3278 3649 3375; baseline -0.016 -18"><span class='ocrx_word' id='word_1_360' title='bbox 2077 3305 2337 3375; x_wconf 76' lang='grc' dir='ltr'><strong>ἠχήσασα</strong></span> <span class='ocrx_word' id='word_1_361' title='bbox 2365 3300 2462 3356; x_wconf 84' lang='grc' dir='ltr'><strong>τὸν</strong></span> <span class='ocrx_word' id='word_1_362' title='bbox 2492 3298 2633 3363; x_wconf 80' lang='grc' dir='ltr'><strong>τέως</strong></span> <span class='ocrx_word' id='word_1_363' title='bbox 2677 3292 3115 3366; x_wconf 82' lang='grc' dir='ltr'><strong>άρχιμανδρίτην</strong></span> <span class='ocrx_word' id='word_1_364' title='bbox 3164 3288 3308 3357; x_wconf 73' lang='grc' dir='ltr'><strong>θῆρα</strong></span> <span class='ocrx_word' id='word_1_365' title='bbox 3361 3278 3649 3349; x_wconf 72' lang='grc' dir='ltr'><strong>κατεξεφό-</strong></span> 
     </span>
    </p>
   </div>
   <div class='ocr_carea' id='block_1_57' title="bbox 2072 3380 3390 3469">
    <p class='ocr_par' dir='ltr' id='par_1_57' title="bbox 2072 3380 3390 3469">
     <span class='ocr_line' id='line_1_57' title="bbox 2072 3380 3390 3469; baseline -0.018 -16"><span class='ocrx_word' id='word_1_366' title='bbox 2072 3400 2238 3469; x_wconf 75' lang='grc' dir='ltr'><strong>6ησε,</strong></span> <span class='ocrx_word' id='word_1_367' title='bbox 2262 3396 2366 3466; x_wconf 82' lang='grc' dir='ltr'><strong>τῆς</strong></span> <span class='ocrx_word' id='word_1_368' title='bbox 2393 3410 2453 3447; x_wconf 84' lang='grc' dir='ltr'><strong>τε</strong></span> <span class='ocrx_word' id='word_1_369' title='bbox 2492 3388 2829 3463; x_wconf 85' lang='grc' dir='ltr'><strong>μοναστικῆς</strong></span> <span class='ocrx_word' id='word_1_370' title='bbox 2854 3383 3055 3453; x_wconf 83' lang='grc' dir='ltr'><strong>ἀγέλης</strong></span> <span class='ocrx_word' id='word_1_371' title='bbox 3081 3380 3390 3449; x_wconf 81' lang='grc' dir='ltr'><strong>ἀπήλασεν.</strong></span> 
     </span>
    </p>
   </div>
   <div class='ocr_carea' id='block_1_58' title="bbox 443 3483 1966 3582">
    <p class='ocr_par' dir='ltr' id='par_1_58' title="bbox 443 3493 1962 3569">
     <span class='ocr_line' id='line_1_58' title="bbox 443 3493 1962 3569; baseline -0.001 -20"><span class='ocrx_word' id='word_1_372' title='bbox 443 3494 524 3549; x_wconf 88' lang='lat' dir='ltr'><strong>De</strong></span> <span class='ocrx_word' id='word_1_373' title='bbox 555 3493 747 3565; x_wconf 81' lang='lat' dir='ltr'><strong>quinta</strong></span> <span class='ocrx_word' id='word_1_374' title='bbox 774 3504 1080 3565; x_wconf 69' lang='lat' dir='ltr'><strong>praeterea:</strong></span> <span class='ocrx_word' id='word_1_375' title='bbox 1116 3515 1136 3549; x_wconf 83' lang='grc' dir='ltr'><strong>ι</strong></span> <span class='ocrx_word' id='word_1_376' title='bbox 1172 3496 1426 3569; x_wconf 83' lang='lat' dir='ltr'><strong>Vigilius,</strong></span> <span class='ocrx_word' id='word_1_377' title='bbox 1463 3497 1664 3567; x_wconf 82' lang='lat' dir='ltr'><strong>inquit,</strong></span> <span class='ocrx_word' id='word_1_378' title='bbox 1699 3504 1757 3551; x_wconf 90' lang='lat' dir='ltr'><strong>et</strong></span> <span class='ocrx_word' id='word_1_379' title='bbox 1785 3496 1962 3552; x_wconf 76' lang='lat' dir='ltr'><strong>Justi-</strong></span> 
     </span>
    </p>
   </div>
   <div class='ocr_carea' id='block_1_59' title="bbox 2075 3483 3653 3582">
    <p class='ocr_par' dir='ltr' id='par_1_59' title="bbox 2141 3483 3653 3578">
     <span class='ocr_line' id='line_1_59' title="bbox 2141 3483 3653 3578; baseline -0.02 -14"><span class='ocrx_word' id='word_1_380' title='bbox 2141 3509 2254 3563; x_wconf 79' lang='lat' dir='ltr'><strong>Ka‘t</strong></span> <span class='ocrx_word' id='word_1_381' title='bbox 2297 3506 2427 3578; x_wconf 76' lang='grc' dir='ltr'><strong>περὶ</strong></span> <span class='ocrx_word' id='word_1_382' title='bbox 2460 3503 2563 3574; x_wconf 81' lang='grc' dir='ltr'><strong>τῆς</strong></span> <span class='ocrx_word' id='word_1_383' title='bbox 2593 3501 2873 3571; x_wconf 80' lang='grc' dir='ltr'><strong>πέμπτης,</strong></span> <span class='ocrx_word' id='word_1_384' title='bbox 2910 3498 2995 3550; x_wconf 82' lang='grc' dir='ltr'><strong>ὅτι</strong></span> <span class='ocrx_word' id='word_1_385' title='bbox 3047 3513 3067 3545; x_wconf 77' lang='grc' dir='ltr'><strong>ι</strong></span> <span class='ocrx_word' id='word_1_386' title='bbox 3104 3490 3344 3559; x_wconf 84' lang='grc' dir='ltr'><strong>Βιγίλιος</strong></span> <span class='ocrx_word' id='word_1_387' title='bbox 3386 3486 3488 3539; x_wconf 76' lang='grc' dir='ltr'><strong>σὺν</strong></span> <span class='ocrx_word' id='word_1_388' title='bbox 3522 3483 3653 3537; x_wconf 83' lang='grc' dir='ltr'><strong>Ἰου-</strong></span> 
     </span>
    </p>
   </div>
   <div class='ocr_carea' id='block_1_60' title="bbox 370 3586 1852 3660">
    <p class='ocr_par' dir='ltr' id='par_1_60' title="bbox 370 3586 1852 3660">
     <span class='ocr_line' id='line_1_60' title="bbox 370 3586 1852 3660; baseline 0.001 -20"><span class='ocrx_word' id='word_1_389' title='bbox 370 3588 576 3642; x_wconf 83' lang='lat' dir='ltr'><strong>niauus</strong></span> <span class='ocrx_word' id='word_1_390' title='bbox 603 3586 812 3659; x_wconf 73' lang='lat' dir='ltr'><strong>quinta:</strong></span> <span class='ocrx_word' id='word_1_391' title='bbox 839 3589 1030 3660; x_wconf 82' lang='lat' dir='ltr'><strong>synodi</strong></span> <span class='ocrx_word' id='word_1_392' title='bbox 1051 3600 1387 3645; x_wconf 86' lang='lat' dir='ltr'><strong>conventum</strong></span> <span class='ocrx_word' id='word_1_393' title='bbox 1419 3589 1792 3646; x_wconf 84' lang='lat' dir='ltr'><strong>celebrabant.</strong></span> <span class='ocrx_word' id='word_1_394' title='bbox 1832 3608 1852 3642; x_wconf 74' lang='grc' dir='ltr'>ι</span> 
     </span>
    </p>
   </div>
   <div class='ocr_carea' id='block_1_61' title="bbox 443 3701 1969 3776">
    <p class='ocr_par' dir='ltr' id='par_1_61' title="bbox 443 3701 1969 3776">
     <span class='ocr_line' id='line_1_61' title="bbox 443 3701 1969 3776; baseline 0.003 -17"><span class='ocrx_word' id='word_1_395' title='bbox 443 3701 583 3759; x_wconf 88' lang='lat' dir='ltr'><strong>Cum</strong></span> <span class='ocrx_word' id='word_1_396' title='bbox 611 3714 765 3759; x_wconf 82' lang='lat' dir='ltr'><strong>sexta</strong></span> <span class='ocrx_word' id='word_1_397' title='bbox 802 3703 1049 3776; x_wconf 84' lang='lat' dir='ltr'><strong>synodus</strong></span> <span class='ocrx_word' id='word_1_398' title='bbox 1093 3713 1204 3759; x_wconf 87' lang='lat' dir='ltr'><strong>tam</strong></span> <span class='ocrx_word' id='word_1_399' title='bbox 1239 3704 1416 3775; x_wconf 86' lang='lat' dir='ltr'><strong>planis</strong></span> <span class='ocrx_word' id='word_1_400' title='bbox 1440 3705 1629 3760; x_wconf 85' lang='lat' dir='ltr'><strong>verbis</strong></span> <span class='ocrx_word' id='word_1_401' title='bbox 1658 3706 1774 3762; x_wconf 71' lang='lat' dir='ltr'><strong>lucc</strong></span> <span class='ocrx_word' id='word_1_402' title='bbox 1813 3722 1969 3763; x_wconf 83' lang='lat' dir='ltr'><strong>asse-</strong></span> 
     </span>
    </p>
   </div>
   <div class='ocr_carea' id='block_1_62' title="bbox 292 3799 1968 3869">
    <p class='ocr_par' dir='ltr' id='par_1_62' title="bbox 292 3799 1968 3869">
     <span class='ocr_line' id='line_1_62' title="bbox 292 3799 1968 3869; baseline 0.003 -19"><span class='ocrx_word' id='word_1_403' title='bbox 292 3805 296 3811; x_wconf 92' lang='lat'>&#39;</span> <span class='ocrx_word' id='word_1_404' title='bbox 376 3805 486 3862; x_wconf 88' lang='lat' dir='ltr'><strong>rat,</strong></span> <span class='ocrx_word' id='word_1_405' title='bbox 510 3799 689 3867; x_wconf 81' lang='lat' dir='ltr'><strong>prima</strong></span> <span class='ocrx_word' id='word_1_406' title='bbox 725 3812 880 3858; x_wconf 83' lang='lat' dir='ltr'><strong>vero.</strong></span> <span class='ocrx_word' id='word_1_407' title='bbox 914 3807 971 3853; x_wconf 89' lang='lat' dir='ltr'><strong>et</strong></span> <span class='ocrx_word' id='word_1_408' title='bbox 1003 3799 1186 3859; x_wconf 89' lang='lat' dir='ltr'><strong>tertia,</strong></span> <span class='ocrx_word' id='word_1_409' title='bbox 1216 3808 1270 3852; x_wconf 88' lang='lat' dir='ltr'><strong>ct</strong></span> <span class='ocrx_word' id='word_1_410' title='bbox 1301 3808 1519 3868; x_wconf 84' lang='lat' dir='ltr'><strong>quarta,</strong></span> <span class='ocrx_word' id='word_1_411' title='bbox 1562 3812 1702 3869; x_wconf 89' lang='lat' dir='ltr'><strong>quas</strong></span> <span class='ocrx_word' id='word_1_412' title='bbox 1731 3800 1968 3869; x_wconf 79' lang='lat' dir='ltr'><strong>profers,</strong></span> 
     </span>
    </p>
   </div>
   <div class='ocr_carea' id='block_1_63' title="bbox 378 3890 1969 3962">
    <p class='ocr_par' dir='ltr' id='par_1_63' title="bbox 378 3890 1969 3962">
     <span class='ocr_line' id='line_1_63' title="bbox 378 3890 1969 3962; baseline 0.003 -21"><span class='ocrx_word' id='word_1_413' title='bbox 378 3891 563 3945; x_wconf 83' lang='lat' dir='ltr'><strong>dicant</strong></span> <span class='ocrx_word' id='word_1_414' title='bbox 581 3905 638 3945; x_wconf 88' lang='lat' dir='ltr'><strong>se</strong></span> <span class='ocrx_word' id='word_1_415' title='bbox 661 3900 1023 3962; x_wconf 76' lang='lat' dir='ltr'><strong>congregatas</strong></span> <span class='ocrx_word' id='word_1_416' title='bbox 1051 3900 1188 3945; x_wconf 89' lang='lat' dir='ltr'><strong>nutu</strong></span> <span class='ocrx_word' id='word_1_417' title='bbox 1216 3900 1276 3946; x_wconf 91' lang='lat' dir='ltr'><strong>et</strong></span> <span class='ocrx_word' id='word_1_418' title='bbox 1302 3891 1527 3946; x_wconf 87' lang='lat' dir='ltr'><strong>decreto</strong></span> <span class='ocrx_word' id='word_1_419' title='bbox 1546 3890 1969 3961; x_wconf 82' lang='lat' dir='ltr'><strong>imperatorum,</strong></span> 
     </span>
    </p>
   </div>
   <div class='ocr_carea' id='block_1_64' title="bbox 377 3983 1972 4054">
    <p class='ocr_par' dir='ltr' id='par_1_64' title="bbox 377 3983 1972 4054">
     <span class='ocr_line' id='line_1_64' title="bbox 377 3983 1972 4054; baseline 0.002 -20"><span class='ocrx_word' id='word_1_420' title='bbox 377 3997 606 4038; x_wconf 82' lang='lat' dir='ltr'><strong>necesse</strong></span> <span class='ocrx_word' id='word_1_421' title='bbox 656 3991 741 4038; x_wconf 85' lang='lat' dir='ltr'><strong>est</strong></span> <span class='ocrx_word' id='word_1_422' title='bbox 794 3992 890 4037; x_wconf 85' lang='lat' dir='ltr'><strong>aut</strong></span> <span class='ocrx_word' id='word_1_423' title='bbox 919 3990 1140 4037; x_wconf 79' lang='lat' dir='ltr'><strong>sanctas</strong></span> <span class='ocrx_word' id='word_1_424' title='bbox 1199 3986 1440 4054; x_wconf 81' lang='lat' dir='ltr'><strong>synodos</strong></span> <span class='ocrx_word' id='word_1_425' title='bbox 1471 3984 1618 4039; x_wconf 88' lang='lat' dir='ltr'><strong>inter</strong></span> <span class='ocrx_word' id='word_1_426' title='bbox 1668 3998 1728 4039; x_wconf 83' lang='lat' dir='ltr'><strong>sc</strong></span> <span class='ocrx_word' id='word_1_427' title='bbox 1758 3983 1972 4039; x_wconf 89' lang='lat' dir='ltr'><strong>dissen-</strong></span> 
     </span>
    </p>
   </div>
   <div class='ocr_carea' id='block_1_65' title="bbox 380 4075 1972 4147">
    <p class='ocr_par' dir='ltr' id='par_1_65' title="bbox 380 4075 1972 4147">
     <span class='ocr_line' id='line_1_65' title="bbox 380 4075 1972 4147; baseline 0.001 -19"><span class='ocrx_word' id='word_1_428' title='bbox 380 4077 506 4143; x_wconf 85' lang='lat' dir='ltr'><strong>tire,</strong></span> <span class='ocrx_word' id='word_1_429' title='bbox 548 4085 643 4130; x_wconf 90' lang='lat' dir='ltr'><strong>aut</strong></span> <span class='ocrx_word' id='word_1_430' title='bbox 671 4092 780 4132; x_wconf 90' lang='lat' dir='ltr'><strong>non</strong></span> <span class='ocrx_word' id='word_1_431' title='bbox 817 4091 949 4131; x_wconf 83' lang='lat' dir='ltr'><strong>vera</strong></span> <span class='ocrx_word' id='word_1_432' title='bbox 984 4085 1035 4131; x_wconf 89' lang='lat' dir='ltr'><strong>te</strong></span> <span class='ocrx_word' id='word_1_433' title='bbox 1059 4076 1268 4140; x_wconf 86' lang='lat' dir='ltr'><strong>dicere,</strong></span> <span class='ocrx_word' id='word_1_434' title='bbox 1309 4075 1440 4131; x_wconf 90' lang='lat' dir='ltr'><strong>dum</strong></span> <span class='ocrx_word' id='word_1_435' title='bbox 1472 4076 1697 4141; x_wconf 87' lang='lat' dir='ltr'><strong>asseris,</strong></span> <span class='ocrx_word' id='word_1_436' title='bbox 1733 4076 1972 4147; x_wconf 85' lang='lat' dir='ltr'><strong>impera-</strong></span> 
     </span>
    </p>
   </div>
   <div class='ocr_carea' id='block_1_66' title="bbox 381 4168 1973 4244">
    <p class='ocr_par' dir='ltr' id='par_1_66' title="bbox 381 4168 1973 4244">
     <span class='ocr_line' id='line_1_66' title="bbox 381 4168 1973 4244; baseline 0.002 -20"><span class='ocrx_word' id='word_1_437' title='bbox 381 4183 563 4226; x_wconf 88' lang='lat' dir='ltr'><strong>torum</strong></span> <span class='ocrx_word' id='word_1_438' title='bbox 606 4185 751 4238; x_wconf 84' lang='lat' dir='ltr'><strong>esse,</strong></span> <span class='ocrx_word' id='word_1_439' title='bbox 806 4185 917 4225; x_wconf 90' lang='lat' dir='ltr'><strong>non</strong></span> <span class='ocrx_word' id='word_1_440' title='bbox 964 4168 1312 4224; x_wconf 85' lang='lat' dir='ltr'><strong>sacerdotum</strong></span> <span class='ocrx_word' id='word_1_441' title='bbox 1362 4185 1699 4241; x_wconf 76' lang='lat' dir='ltr'><strong>congregare</strong></span> <span class='ocrx_word' id='word_1_442' title='bbox 1731 4173 1973 4244; x_wconf 85' lang='lat' dir='ltr'><strong>synodos</strong></span> 
     </span>
    </p>
   </div>
   <div class='ocr_carea' id='block_1_67' title="bbox 378 4262 1974 4335">
    <p class='ocr_par' dir='ltr' id='par_1_67' title="bbox 378 4262 1974 4335">
     <span class='ocr_line' id='line_1_67' title="bbox 378 4262 1974 4335; baseline 0.003 -21"><span class='ocrx_word' id='word_1_443' title='bbox 378 4266 773 4321; x_wconf 63' lang='lat' dir='ltr'><strong>«ecutnenicas.</strong></span> <span class='ocrx_word' id='word_1_444' title='bbox 794 4263 914 4318; x_wconf 85' lang='lat' dir='ltr'><strong>Non</strong></span> <span class='ocrx_word' id='word_1_445' title='bbox 947 4262 1240 4319; x_wconf 86' lang='lat' dir='ltr'><strong>dissentire</strong></span> <span class='ocrx_word' id='word_1_446' title='bbox 1271 4275 1454 4319; x_wconf 87' lang='lat' dir='ltr'><strong>autem</strong></span> <span class='ocrx_word' id='word_1_447' title='bbox 1491 4279 1679 4319; x_wconf 86' lang='lat' dir='ltr'><strong>sacras</strong></span> <span class='ocrx_word' id='word_1_448' title='bbox 1727 4263 1974 4335; x_wconf 85' lang='lat' dir='ltr'><strong>synodos</strong></span> 
     </span>
    </p>
   </div>
   <div class='ocr_carea' id='block_1_68' title="bbox 379 4355 1969 4426">
    <p class='ocr_par' dir='ltr' id='par_1_68' title="bbox 379 4355 1969 4426">
     <span class='ocr_line' id='line_1_68' title="bbox 379 4355 1969 4426; baseline -0.001 -15"><span class='ocrx_word' id='word_1_449' title='bbox 379 4365 435 4411; x_wconf 73' lang='lat' dir='ltr'><strong>et</strong></span> <span class='ocrx_word' id='word_1_450' title='bbox 469 4371 568 4426; x_wconf 85' lang='lat' dir='ltr'><strong>per</strong></span> <span class='ocrx_word' id='word_1_451' title='bbox 600 4372 658 4412; x_wconf 87' lang='lat' dir='ltr'><strong>se</strong></span> <span class='ocrx_word' id='word_1_452' title='bbox 678 4363 931 4411; x_wconf 66' lang='lat' dir='ltr'><strong>consul:</strong></span> <span class='ocrx_word' id='word_1_453' title='bbox 962 4355 1209 4425; x_wconf 86' lang='lat' dir='ltr'><strong>alioquin</strong></span> <span class='ocrx_word' id='word_1_454' title='bbox 1234 4355 1408 4410; x_wconf 87' lang='lat' dir='ltr'><strong>altera</strong></span> <span class='ocrx_word' id='word_1_455' title='bbox 1443 4371 1570 4425; x_wconf 91' lang='lat' dir='ltr'><strong>pars</strong></span> <span class='ocrx_word' id='word_1_456' title='bbox 1594 4402 1599 4409; x_wconf 91' lang='lat'><strong>.</strong></span> <span class='ocrx_word' id='word_1_457' title='bbox 1619 4358 1969 4419; x_wconf 87' lang='lat' dir='ltr'><strong>mentiretur,</strong></span> 
     </span>
    </p>
   </div>
   <div class='ocr_carea' id='block_1_69' title="bbox 381 4446 1975 4518">
    <p class='ocr_par' dir='ltr' id='par_1_69' title="bbox 381 4446 1975 4518">
     <span class='ocr_line' id='line_1_69' title="bbox 381 4446 1975 4518; baseline -0.001 -12"><span class='ocrx_word' id='word_1_458' title='bbox 381 4452 427 4506; x_wconf 88' lang='lat' dir='ltr'><strong>si</strong></span> <span class='ocrx_word' id='word_1_459' title='bbox 474 4457 622 4504; x_wconf 85' lang='lat' dir='ltr'><strong>esset</strong></span> <span class='ocrx_word' id='word_1_460' title='bbox 669 4448 982 4505; x_wconf 68' lang='lat' dir='ltr'><strong>diss-idiom.</strong></span> <span class='ocrx_word' id='word_1_461' title='bbox 1031 4446 1262 4504; x_wconf 87' lang='lat' dir='ltr'><strong>Constat</strong></span> <span class='ocrx_word' id='word_1_462' title='bbox 1292 4448 1458 4504; x_wconf 86' lang='lat' dir='ltr'><strong>etiam</strong></span> <span class='ocrx_word' id='word_1_463' title='bbox 1503 4464 1571 4504; x_wconf 83' lang='lat' dir='ltr'><strong>ex</strong></span> <span class='ocrx_word' id='word_1_464' title='bbox 1612 4450 1975 4518; x_wconf 83' lang='lat' dir='ltr'><strong>ipsorummct</strong></span> 
     </span>
    </p>
   </div>
   <div class='ocr_carea' id='block_1_70' title="bbox 382 4542 1973 4615">
    <p class='ocr_par' dir='ltr' id='par_1_70' title="bbox 382 4542 1973 4615">
     <span class='ocr_line' id='line_1_70' title="bbox 382 4542 1973 4615; baseline -0.002 -16"><span class='ocrx_word' id='word_1_465' title='bbox 382 4546 784 4615; x_wconf 81' lang='lat' dir='ltr'><strong>imperatorum</strong></span> <span class='ocrx_word' id='word_1_466' title='bbox 818 4542 1076 4613; x_wconf 80' lang='lat' dir='ltr'><strong>seriptis,</strong></span> <span class='ocrx_word' id='word_1_467' title='bbox 1117 4560 1214 4613; x_wconf 88' lang='lat' dir='ltr'><strong>per</strong></span> <span class='ocrx_word' id='word_1_468' title='bbox 1261 4559 1387 4613; x_wconf 79' lang='lat' dir='ltr'><strong>qua:</strong></span> <span class='ocrx_word' id='word_1_469' title='bbox 1425 4545 1618 4615; x_wconf 84' lang='lat' dir='ltr'><strong>synodi</strong></span> <span class='ocrx_word' id='word_1_470' title='bbox 1674 4543 1973 4597; x_wconf 79' lang='lat' dir='ltr'><strong>oecumeni-</strong></span> 
     </span>
    </p>
   </div>
   <div class='ocr_carea' id='block_1_71' title="bbox 308 4634 1974 4708">
    <p class='ocr_par' dir='ltr' id='par_1_71' title="bbox 308 4634 1974 4708">
     <span class='ocr_line' id='line_1_71' title="bbox 308 4634 1974 4708; baseline -0.002 -16"><span class='ocrx_word' id='word_1_471' title='bbox 308 4693 313 4697; x_wconf 69' lang='grc'><strong>,</strong></span> <span class='ocrx_word' id='word_1_472' title='bbox 384 4652 462 4692; x_wconf 69' lang='lat' dir='ltr'><strong>cae</strong></span> <span class='ocrx_word' id='word_1_473' title='bbox 491 4645 837 4707; x_wconf 74' lang='lat' dir='ltr'><strong>congregata:</strong></span> <span class='ocrx_word' id='word_1_474' title='bbox 869 4647 1020 4691; x_wconf 89' lang='lat' dir='ltr'><strong>sunt.</strong></span> <span class='ocrx_word' id='word_1_475' title='bbox 1054 4637 1159 4708; x_wconf 86' lang='lat' dir='ltr'><strong>Ipsi</strong></span> <span class='ocrx_word' id='word_1_476' title='bbox 1201 4637 1350 4691; x_wconf 86' lang='lat' dir='ltr'><strong>enim</strong></span> <span class='ocrx_word' id='word_1_477' title='bbox 1381 4637 1780 4704; x_wconf 58' lang='lat' dir='ltr'><strong>intentumque</strong></span> <span class='ocrx_word' id='word_1_478' title='bbox 1809 4634 1974 4689; x_wconf 90' lang='lat' dir='ltr'><strong>modo</strong></span> 
     </span>
    </p>
   </div>
   <div class='ocr_carea' id='block_1_72' title="bbox 2077 3582 3541 3674">
    <p class='ocr_par' dir='ltr' id='par_1_72' title="bbox 2077 3582 3541 3674">
     <span class='ocr_line' id='line_1_72' title="bbox 2077 3582 3541 3674; baseline -0.019 -15"><span class='ocrx_word' id='word_1_479' title='bbox 2077 3602 2338 3674; x_wconf 82' lang='grc' dir='ltr'><strong>στινιανῷ</strong></span> <span class='ocrx_word' id='word_1_480' title='bbox 2372 3598 2642 3655; x_wconf 77' lang='grc' dir='ltr'><strong>συνίστων</strong></span> <span class='ocrx_word' id='word_1_481' title='bbox 2669 3595 2732 3649; x_wconf 70' lang='grc' dir='ltr'><strong>τὸ</strong></span> <span class='ocrx_word' id='word_1_482' title='bbox 2765 3594 2862 3664; x_wconf 75' lang='grc' dir='ltr'><strong>τῆς</strong></span> <span class='ocrx_word' id='word_1_483' title='bbox 2893 3591 3153 3660; x_wconf 81' lang='grc' dir='ltr'><strong>πέμπτης</strong></span> <span class='ocrx_word' id='word_1_484' title='bbox 3189 3582 3490 3652; x_wconf 83' lang='grc' dir='ltr'><strong>συνέδριον.</strong></span> <span class='ocrx_word' id='word_1_485' title='bbox 3521 3595 3541 3631; x_wconf 73' lang='grc' dir='ltr'><strong>ι</strong></span> 
     </span>
    </p>
   </div>
   <div class='ocr_carea' id='block_1_73' title="bbox 2146 3689 3651 3781">
    <p class='ocr_par' dir='ltr' id='par_1_73' title="bbox 2146 3689 3651 3781">
     <span class='ocr_line' id='line_1_73' title="bbox 2146 3689 3651 3781; baseline -0.018 -11"><span class='ocrx_word' id='word_1_486' title='bbox 2146 3715 2337 3772; x_wconf 81' lang='grc' dir='ltr'><strong>Ταῦτα</strong></span> <span class='ocrx_word' id='word_1_487' title='bbox 2367 3710 2640 3781; x_wconf 80' lang='grc' dir='ltr'><strong>λεγούσης</strong></span> <span class='ocrx_word' id='word_1_488' title='bbox 2684 3701 2990 3776; x_wconf 71' lang='grc' dir='ltr'><strong>ἀναφανδὸν</strong></span> <span class='ocrx_word' id='word_1_489' title='bbox 3032 3699 3135 3771; x_wconf 77' lang='grc' dir='ltr'><strong>τῆς</strong></span> <span class='ocrx_word' id='word_1_490' title='bbox 3176 3697 3232 3764; x_wconf 80' lang='grc' dir='ltr'><strong>ς’</strong></span> <span class='ocrx_word' id='word_1_491' title='bbox 3265 3696 3507 3757; x_wconf 81' lang='grc' dir='ltr'>συνόδου,</span> <span class='ocrx_word' id='word_1_492' title='bbox 3553 3689 3651 3759; x_wconf 75' lang='grc' dir='ltr'><strong>τῆς</strong></span> 
     </span>
    </p>
   </div>
   <div class='ocr_carea' id='block_1_74' title="bbox 2073 3788 3651 3879">
    <p class='ocr_par' dir='ltr' id='par_1_74' title="bbox 2073 3788 3651 3879">
     <span class='ocr_line' id='line_1_74' title="bbox 2073 3788 3651 3879; baseline -0.013 -13"><span class='ocrx_word' id='word_1_493' title='bbox 2073 3811 2132 3866; x_wconf 81' lang='grc' dir='ltr'><strong>δὲ</strong></span> <span class='ocrx_word' id='word_1_494' title='bbox 2164 3811 2392 3879; x_wconf 85' lang='grc' dir='ltr'><strong>πρώτης</strong></span> <span class='ocrx_word' id='word_1_495' title='bbox 2424 3804 2520 3859; x_wconf 79' lang='grc' dir='ltr'><strong>καὶ</strong></span> <span class='ocrx_word' id='word_1_496' title='bbox 2548 3801 2763 3872; x_wconf 85' lang='grc' dir='ltr'><strong>τρίτης,</strong></span> <span class='ocrx_word' id='word_1_497' title='bbox 2792 3797 2890 3853; x_wconf 76' lang='grc' dir='ltr'><strong>καὶ</strong></span> <span class='ocrx_word' id='word_1_498' title='bbox 2915 3796 3210 3867; x_wconf 84' lang='grc' dir='ltr'><strong>τετάρτης,</strong></span> <span class='ocrx_word' id='word_1_499' title='bbox 3241 3789 3308 3853; x_wconf 79' lang='grc' dir='ltr'><strong>ἃς</strong></span> <span class='ocrx_word' id='word_1_500' title='bbox 3338 3788 3651 3879; x_wconf 49' lang='grc' dir='ltr'><strong>προφέρεξς.</strong></span> 
     </span>
    </p>
   </div>
   <div class='ocr_carea' id='block_1_75' title="bbox 2074 3876 3655 3972">
    <p class='ocr_par' dir='ltr' id='par_1_75' title="bbox 2074 3876 3655 3972">
     <span class='ocr_line' id='line_1_75' title="bbox 2074 3876 3655 3972; baseline -0.019 -14"><span class='ocrx_word' id='word_1_501' title='bbox 2074 3876 2357 3972; x_wconf 81' lang='grc' dir='ltr'><strong>λεγουσῶν</strong></span> <span class='ocrx_word' id='word_1_502' title='bbox 2388 3896 2726 3968; x_wconf 78' lang='grc' dir='ltr'><strong>συναχθῆναι</strong></span> <span class='ocrx_word' id='word_1_503' title='bbox 2760 3894 2994 3961; x_wconf 79' lang='grc' dir='ltr'><strong>νεύματι</strong></span> <span class='ocrx_word' id='word_1_504' title='bbox 3039 3888 3135 3942; x_wconf 79' lang='grc' dir='ltr'><strong>καὶ</strong></span> <span class='ocrx_word' id='word_1_505' title='bbox 3168 3884 3500 3948; x_wconf 79' lang='grc' dir='ltr'><strong>θεσπίσματι</strong></span> <span class='ocrx_word' id='word_1_506' title='bbox 3547 3876 3655 3930; x_wconf 84' lang='grc' dir='ltr'><strong>τῶν</strong></span> 
     </span>
    </p>
   </div>
   <div class='ocr_carea' id='block_1_76' title="bbox 2079 3972 3654 4070">
    <p class='ocr_par' dir='ltr' id='par_1_76' title="bbox 2079 3972 3654 4070">
     <span class='ocr_line' id='line_1_76' title="bbox 2079 3972 3654 4070; baseline -0.02 -19"><span class='ocrx_word' id='word_1_507' title='bbox 2079 3996 2368 4070; x_wconf 73' lang='grc' dir='ltr'><strong>βασιλέοιν,</strong></span> <span class='ocrx_word' id='word_1_508' title='bbox 2401 3991 2613 4059; x_wconf 80' lang='grc' dir='ltr'><strong>ἀνάγκη</strong></span> <span class='ocrx_word' id='word_1_509' title='bbox 2648 3987 2680 4059; x_wconf 83' lang='grc' dir='ltr'>ἢ</span> <span class='ocrx_word' id='word_1_510' title='bbox 2714 3988 2813 4047; x_wconf 69' lang='grc' dir='ltr'><strong>τὰς</strong></span> <span class='ocrx_word' id='word_1_511' title='bbox 2850 3984 3014 4052; x_wconf 82' lang='grc' dir='ltr'><strong>ἁγίας</strong></span> <span class='ocrx_word' id='word_1_512' title='bbox 3049 3979 3306 4038; x_wconf 75' lang='grc' dir='ltr'>συνόδους</span> <span class='ocrx_word' id='word_1_513' title='bbox 3344 3972 3654 4070; x_wconf 61' lang='grc' dir='ltr'><strong>διαφωνεῖν,</strong></span> 
     </span>
    </p>
   </div>
   <div class='ocr_carea' id='block_1_77' title="bbox 2077 4066 3651 4163">
    <p class='ocr_par' dir='ltr' id='par_1_77' title="bbox 2077 4066 3651 4163">
     <span class='ocr_line' id='line_1_77' title="bbox 2077 4066 3651 4163; baseline -0.019 -17"><span class='ocrx_word' id='word_1_514' title='bbox 2077 4066 2109 4163; x_wconf 59' lang='grc' dir='ltr'>ἦ</span> <span class='ocrx_word' id='word_1_515' title='bbox 2149 4091 2209 4144; x_wconf 78' lang='grc' dir='ltr'><strong>σὲ</strong></span> <span class='ocrx_word' id='word_1_516' title='bbox 2263 4088 2341 4161; x_wconf 83' lang='grc' dir='ltr'><strong>μὴ</strong></span> <span class='ocrx_word' id='word_1_517' title='bbox 2397 4084 2687 4156; x_wconf 79' lang='grc' dir='ltr'><strong>ἀληθεύειν</strong></span> <span class='ocrx_word' id='word_1_518' title='bbox 2730 4078 3195 4149; x_wconf 74' lang='grc' dir='ltr'><strong>ἀποφαινόμενον,</strong></span> <span class='ocrx_word' id='word_1_519' title='bbox 3230 4073 3315 4125; x_wconf 78' lang='grc' dir='ltr'><strong>ὅτι</strong></span> <span class='ocrx_word' id='word_1_520' title='bbox 3369 4066 3651 4163; x_wconf 76' lang='grc' dir='ltr'><strong>βασιλέων,</strong></span> 
     </span>
    </p>
   </div>
   <div class='ocr_carea' id='block_1_78' title="bbox 2079 4160 3654 4262">
    <p class='ocr_par' dir='ltr' id='par_1_78' title="bbox 2079 4160 3654 4262">
     <span class='ocr_line' id='line_1_78' title="bbox 2079 4160 3654 4262; baseline -0.019 -23"><span class='ocrx_word' id='word_1_521' title='bbox 2079 4160 2180 4257; x_wconf 81' lang='grc' dir='ltr'><strong>οὐχ</strong></span> <span class='ocrx_word' id='word_1_522' title='bbox 2217 4160 2410 4254; x_wconf 78' lang='grc' dir='ltr'><strong>ἱερέων</strong></span> <span class='ocrx_word' id='word_1_523' title='bbox 2443 4182 2560 4234; x_wconf 70' lang='grc' dir='ltr'><strong>ἐστὶ</strong></span> <span class='ocrx_word' id='word_1_524' title='bbox 2592 4177 2652 4231; x_wconf 76' lang='grc' dir='ltr'><strong>τὸ</strong></span> <span class='ocrx_word' id='word_1_525' title='bbox 2687 4175 2947 4241; x_wconf 87' lang='grc' dir='ltr'><strong>συνάγειν</strong></span> <span class='ocrx_word' id='word_1_526' title='bbox 2980 4165 3367 4236; x_wconf 69' lang='grc' dir='ltr'><strong>οἱκουμενικὴν</strong></span> <span class='ocrx_word' id='word_1_527' title='bbox 3421 4160 3654 4262; x_wconf 65' lang='grc' dir='ltr'><strong>σύνοδον.</strong></span> 
     </span>
    </p>
   </div>
   <div class='ocr_carea' id='block_1_79' title="bbox 2077 4253 3657 4344">
    <p class='ocr_par' dir='ltr' id='par_1_79' title="bbox 2077 4253 3657 4344">
     <span class='ocr_line' id='line_1_79' title="bbox 2077 4253 3657 4344; baseline -0.019 -14"><span class='ocrx_word' id='word_1_528' title='bbox 2225 4253 2328 4344; x_wconf 69' lang='grc' dir='ltr'><strong>μέν</strong></span> <span class='ocrx_word' id='word_1_529' title='bbox 2378 4266 2470 4325; x_wconf 76' lang='grc' dir='ltr'><strong>οὖν</strong></span> <span class='ocrx_word' id='word_1_530' title='bbox 2518 4267 2683 4336; x_wconf 79' lang='grc' dir='ltr'><strong>ἁγίας</strong></span> <span class='ocrx_word' id='word_1_531' title='bbox 2736 4263 2995 4324; x_wconf 79' lang='grc' dir='ltr'><strong>συνόδους</strong></span> <span class='ocrx_word' id='word_1_532' title='bbox 3044 4258 3120 4329; x_wconf 83' lang='grc' dir='ltr'><strong>μὴ</strong></span> <span class='ocrx_word' id='word_1_533' title='bbox 3179 4253 3472 4322; x_wconf 76' lang='grc' dir='ltr'><strong>διαφωνεῖν</strong></span> <span class='ocrx_word' id='word_1_534' title='bbox 3525 4253 3657 4344; x_wconf 62' lang='grc' dir='ltr'><strong>πρὸς</strong></span> 
     </span>
    </p>
   </div>
   <div class='ocr_carea' id='block_1_80' title="bbox 2080 4337 3654 4429">
    <p class='ocr_par' dir='ltr' id='par_1_80' title="bbox 2080 4337 3654 4429">
     <span class='ocr_line' id='line_1_80' title="bbox 2080 4337 3654 4429; baseline -0.02 -6"><span class='ocrx_word' id='word_1_535' title='bbox 2080 4337 2282 4429; x_wconf 65' lang='grc' dir='ltr'><strong>ἑαυτάς</strong></span> <span class='ocrx_word' id='word_1_536' title='bbox 2340 4366 2436 4418; x_wconf 74' lang='grc' dir='ltr'><strong>καὶ</strong></span> <span class='ocrx_word' id='word_1_537' title='bbox 2488 4360 2718 4415; x_wconf 83' lang='grc' dir='ltr'><strong>αὐτόθεν</strong></span> <span class='ocrx_word' id='word_1_538' title='bbox 2757 4356 2954 4427; x_wconf 65' lang='grc' dir='ltr'><strong>δῆλον·</strong></span> <span class='ocrx_word' id='word_1_539' title='bbox 2992 4353 3208 4420; x_wconf 83' lang='grc' dir='ltr'><strong>ἀνάγκη</strong></span> <span class='ocrx_word' id='word_1_540' title='bbox 3256 4349 3367 4416; x_wconf 79' lang='grc' dir='ltr'><strong>γάρ</strong></span> <span class='ocrx_word' id='word_1_541' title='bbox 3418 4345 3477 4396; x_wconf 79' lang='grc' dir='ltr'><strong>ἐν</strong></span> <span class='ocrx_word' id='word_1_542' title='bbox 3509 4337 3589 4403; x_wconf 79' lang='grc' dir='ltr'><strong>οἷς</strong></span> <span class='ocrx_word' id='word_1_543' title='bbox 3625 4342 3654 4405; x_wconf 86' lang='grc' dir='ltr'>ἠ</span> 
     </span>
    </p>
   </div>
   <div class='ocr_carea' id='block_1_81' title="bbox 2061 4432 3658 4530">
    <p class='ocr_par' dir='ltr' id='par_1_81' title="bbox 2061 4432 3658 4530">
     <span class='ocr_line' id='line_1_81' title="bbox 2061 4432 3658 4530; baseline -0.018 -17"><span class='ocrx_word' id='word_1_544' title='bbox 2061 4458 2347 4530; x_wconf 63' lang='grc' dir='ltr'><strong>εδιαφωνία</strong></span> <span class='ocrx_word' id='word_1_545' title='bbox 2386 4455 2616 4525; x_wconf 83' lang='grc' dir='ltr'><strong>θάτερον</strong></span> <span class='ocrx_word' id='word_1_546' title='bbox 2651 4452 2821 4522; x_wconf 81' lang='grc' dir='ltr'><strong>μέρος</strong></span> <span class='ocrx_word' id='word_1_547' title='bbox 2849 4444 3167 4519; x_wconf 68' lang='grc' dir='ltr'><strong>ψεύδεσθαυ</strong></span> <span class='ocrx_word' id='word_1_548' title='bbox 3199 4440 3357 4511; x_wconf 84' lang='grc' dir='ltr'><strong>δῆλον</strong></span> <span class='ocrx_word' id='word_1_549' title='bbox 3392 4437 3450 4491; x_wconf 80' lang='grc' dir='ltr'><strong>δὲ</strong></span> <span class='ocrx_word' id='word_1_550' title='bbox 3483 4435 3575 4530; x_wconf 27' lang='grc' dir='ltr'><strong>κῌαὶ</strong></span> <span class='ocrx_word' id='word_1_551' title='bbox 3602 4432 3658 4497; x_wconf 78' lang='grc' dir='ltr'><strong>ἐξ</strong></span> 
     </span>
    </p>
   </div>
   <div class='ocr_carea' id='block_1_82' title="bbox 2081 4525 3659 4618">
    <p class='ocr_par' dir='ltr' id='par_1_82' title="bbox 2081 4525 3659 4618">
     <span class='ocr_line' id='line_1_82' title="bbox 2081 4525 3659 4618; baseline -0.016 -10"><span class='ocrx_word' id='word_1_552' title='bbox 2081 4547 2159 4608; x_wconf 82' lang='grc' dir='ltr'><strong>ὧν</strong></span> <span class='ocrx_word' id='word_1_553' title='bbox 2182 4525 2364 4603; x_wconf 64' lang='grc' dir='ltr'><strong>⁷αὐτοὶ</strong></span> <span class='ocrx_word' id='word_1_554' title='bbox 2410 4548 2609 4602; x_wconf 76' lang='grc' dir='ltr'><strong>ἐκεῖνοι</strong></span> <span class='ocrx_word' id='word_1_555' title='bbox 2657 4547 2965 4618; x_wconf 78' lang='grc' dir='ltr'><strong>γράφουσιν</strong></span> <span class='ocrx_word' id='word_1_556' title='bbox 2998 4541 3048 4595; x_wconf 77' lang='grc' dir='ltr'><strong>οἱ</strong></span> <span class='ocrx_word' id='word_1_557' title='bbox 3089 4537 3352 4610; x_wconf 78' lang='grc' dir='ltr'><strong>βασιλεῖς,</strong></span> <span class='ocrx_word' id='word_1_558' title='bbox 3393 4535 3464 4589; x_wconf 78' lang='grc' dir='ltr'><strong>δι’</strong></span> <span class='ocrx_word' id='word_1_559' title='bbox 3498 4525 3573 4586; x_wconf 82' lang='grc' dir='ltr'>ὧν</span> <span class='ocrx_word' id='word_1_560' title='bbox 3605 4532 3659 4583; x_wconf 78' lang='lat' dir='ltr'><strong>ai</strong></span> 
     </span>
    </p>
   </div>
   <div class='ocr_carea' id='block_1_83' title="bbox 2080 4620 3660 4711">
    <p class='ocr_par' dir='ltr' id='par_1_83' title="bbox 2080 4620 3660 4711">
     <span class='ocr_line' id='line_1_83' title="bbox 2080 4620 3660 4711; baseline -0.015 -15"><span class='ocrx_word' id='word_1_561' title='bbox 2080 4640 2463 4711; x_wconf 82' lang='grc' dir='ltr'><strong>οἱκουμενικαί</strong></span> <span class='ocrx_word' id='word_1_562' title='bbox 2508 4635 2982 4708; x_wconf 77' lang='grc' dir='ltr'><strong>συνηθροίσθησαν</strong></span> <span class='ocrx_word' id='word_1_563' title='bbox 3058 4627 3268 4685; x_wconf 89' lang='grc' dir='ltr'><strong>σύνοδοι</strong></span> <span class='ocrx_word' id='word_1_564' title='bbox 3295 4643 3311 4658; x_wconf 76' lang='grc' dir='ltr'><strong>ο</strong></span> <span class='ocrx_word' id='word_1_565' title='bbox 3357 4623 3512 4679; x_wconf 76' lang='grc' dir='ltr'><strong>αὐτοὶ</strong></span> <span class='ocrx_word' id='word_1_566' title='bbox 3556 4620 3660 4689; x_wconf 81' lang='grc' dir='ltr'><strong>γάρ</strong></span> 
     </span>
    </p>
   </div>
   <div class='ocr_carea' id='block_1_84' title="bbox 306 4713 1966 4806">
    <p class='ocr_par' dir='ltr' id='par_1_84' title="bbox 306 4720 1966 4801">
     <span class='ocr_line' id='line_1_84' title="bbox 306 4720 1966 4801; baseline -0.002 -19"><span class='ocrx_word' id='word_1_567' title='bbox 384 4742 564 4796; x_wconf 82' lang='lat' dir='ltr'><strong>quave</strong></span> <span class='ocrx_word' id='word_1_568' title='bbox 611 4727 827 4779; x_wconf 86' lang='lat' dir='ltr'><strong>ratione</strong></span> <span class='ocrx_word' id='word_1_569' title='bbox 870 4728 1301 4797; x_wconf 82' lang='lat' dir='ltr'><strong>congregabant,</strong></span> <span class='ocrx_word' id='word_1_570' title='bbox 1346 4727 1691 4781; x_wconf 76' lang='lat' dir='ltr'><strong>deelarantcs</strong></span> <span class='ocrx_word' id='word_1_571' title='bbox 1755 4741 1815 4780; x_wconf 86' lang='lat' dir='ltr'><strong>sc</strong></span> <span class='ocrx_word' id='word_1_572' title='bbox 1872 4725 1966 4780; x_wconf 72' lang='lat' dir='ltr'><strong>hoc</strong></span> 
     </span>
    </p>
   </div>
   <div class='ocr_carea' id='block_1_85' title="bbox 2075 4713 3656 4806">
    <p class='ocr_par' dir='ltr' id='par_1_85' title="bbox 2085 4713 3656 4806">
     <span class='ocr_line' id='line_1_85' title="bbox 2085 4713 3656 4806; baseline -0.017 -16"><span class='ocrx_word' id='word_1_573' title='bbox 2085 4735 2432 4806; x_wconf 78' lang='grc' dir='ltr'><strong>ἐξηγοῦνται.</strong></span> <span class='ocrx_word' id='word_1_574' title='bbox 2469 4733 2585 4794; x_wconf 79' lang='grc' dir='ltr'><strong>πῶς</strong></span> <span class='ocrx_word' id='word_1_575' title='bbox 2624 4733 2717 4783; x_wconf 59' lang='grc' dir='ltr'><strong>καὶ</strong></span> <span class='ocrx_word' id='word_1_576' title='bbox 2752 4728 2860 4781; x_wconf 85' lang='grc' dir='ltr'><strong>τίνι</strong></span> <span class='ocrx_word' id='word_1_577' title='bbox 2893 4725 3038 4796; x_wconf 85' lang='grc' dir='ltr'><strong>λόγῳ</strong></span> <span class='ocrx_word' id='word_1_578' title='bbox 3076 4718 3457 4790; x_wconf 76' lang='grc' dir='ltr'><strong>συνήθροιζον,</strong></span> <span class='ocrx_word' id='word_1_579' title='bbox 3503 4713 3656 4806; x_wconf 83' lang='grc' dir='ltr'><strong>δηλο-</strong></span> 
     </span>
    </p>
   </div>
   <div class='ocr_carea' id='block_1_86' title="bbox 306 4818 1973 4888">
    <p class='ocr_par' dir='ltr' id='par_1_86' title="bbox 306 4818 1973 4888">
     <span class='ocr_line' id='line_1_86' title="bbox 306 4818 1973 4888; baseline -0.001 -15"><span class='ocrx_word' id='word_1_580' title='bbox 306 4819 334 4873; x_wconf 47' lang='lat' dir='ltr'>ﬁ</span> <span class='ocrx_word' id='word_1_581' title='bbox 387 4820 590 4872; x_wconf 73' lang='lat' dir='ltr'><strong>fecisse</strong></span> <span class='ocrx_word' id='word_1_582' title='bbox 625 4833 733 4872; x_wconf 86' lang='lat' dir='ltr'><strong>non</strong></span> <span class='ocrx_word' id='word_1_583' title='bbox 765 4825 823 4871; x_wconf 88' lang='lat' dir='ltr'><strong>ut</strong></span> <span class='ocrx_word' id='word_1_584' title='bbox 855 4823 1189 4874; x_wconf 87' lang='lat' dir='ltr'><strong>auctoritate</strong></span> <span class='ocrx_word' id='word_1_585' title='bbox 1236 4830 1478 4881; x_wconf 79' lang='lat' dir='ltr'><strong>utentes,</strong></span> <span class='ocrx_word' id='word_1_586' title='bbox 1522 4818 1617 4873; x_wconf 86' lang='lat' dir='ltr'><strong>sed</strong></span> <span class='ocrx_word' id='word_1_587' title='bbox 1644 4826 1701 4872; x_wconf 89' lang='lat' dir='ltr'><strong>ut</strong></span> <span class='ocrx_word' id='word_1_588' title='bbox 1754 4819 1973 4888; x_wconf 76' lang='lat' dir='ltr'><strong>religio—</strong></span> 
     </span>
    </p>
   </div>
   <div class='ocr_carea' id='block_1_87' title="bbox 387 4912 1976 4984">
    <p class='ocr_par' dir='ltr' id='par_1_87' title="bbox 387 4912 1976 4984">
     <span class='ocr_line' id='line_1_87' title="bbox 387 4912 1976 4984; baseline -0.003 -15"><span class='ocrx_word' id='word_1_589' title='bbox 387 4929 514 4969; x_wconf 86' lang='lat' dir='ltr'><strong>nem</strong></span> <span class='ocrx_word' id='word_1_590' title='bbox 548 4924 977 4984; x_wconf 75' lang='lat' dir='ltr'><strong>propugnantes.</strong></span> <span class='ocrx_word' id='word_1_591' title='bbox 1015 4914 1086 4969; x_wconf 89' lang='lat' dir='ltr'><strong>Ut</strong></span> <span class='ocrx_word' id='word_1_592' title='bbox 1126 4930 1191 4969; x_wconf 85' lang='lat' dir='ltr'><strong>cx</strong></span> <span class='ocrx_word' id='word_1_593' title='bbox 1246 4913 1330 4968; x_wconf 88' lang='lat' dir='ltr'><strong>his</strong></span> <span class='ocrx_word' id='word_1_594' title='bbox 1362 4916 1484 4983; x_wconf 88' lang='lat' dir='ltr'><strong>jure</strong></span> <span class='ocrx_word' id='word_1_595' title='bbox 1512 4913 1722 4981; x_wconf 88' lang='lat' dir='ltr'><strong>optimo</strong></span> <span class='ocrx_word' id='word_1_596' title='bbox 1757 4912 1976 4983; x_wconf 77' lang='lat' dir='ltr'><strong>colliga-</strong></span> 
     </span>
    </p>
   </div>
   <div class='ocr_carea' id='block_1_88' title="bbox 393 4988 1978 5079">
    <p class='ocr_par' dir='ltr' id='par_1_88' title="bbox 393 4988 1978 5079">
     <span class='ocr_line' id='line_1_88' title="bbox 393 4988 1978 5079; baseline 0 -20"><span class='ocrx_word' id='word_1_597' title='bbox 393 5018 481 5061; x_wconf 87' lang='lat' dir='ltr'><strong>tur</strong></span> <span class='ocrx_word' id='word_1_598' title='bbox 534 5007 707 5062; x_wconf 89' lang='lat' dir='ltr'><strong>solins</strong></span> <span class='ocrx_word' id='word_1_599' title='bbox 758 5024 912 5079; x_wconf 72' lang='lat' dir='ltr'><strong>papa:</strong></span> <span class='ocrx_word' id='word_1_600' title='bbox 958 4988 1258 5076; x_wconf 78' lang='lat' dir='ltr'><strong>potestatis</strong></span> <span class='ocrx_word' id='word_1_601' title='bbox 1288 5021 1409 5060; x_wconf 84' lang='lat' dir='ltr'><strong>esse</strong></span> <span class='ocrx_word' id='word_1_602' title='bbox 1460 5006 1680 5075; x_wconf 83' lang='lat' dir='ltr'><strong>prOpt‘ie</strong></span> <span class='ocrx_word' id='word_1_603' title='bbox 1739 5005 1978 5076; x_wconf 75' lang='lat' dir='ltr'><strong>synodos</strong></span> 
     </span>
    </p>
   </div>
   <div class='ocr_carea' id='block_1_89' title="bbox 389 5098 1979 5169">
    <p class='ocr_par' dir='ltr' id='par_1_89' title="bbox 389 5098 1979 5169">
     <span class='ocr_line' id='line_1_89' title="bbox 389 5098 1979 5169; baseline 0 -16"><span class='ocrx_word' id='word_1_604' title='bbox 389 5100 766 5154; x_wconf 75' lang='lat' dir='ltr'><strong>(ecumenicas</strong></span> <span class='ocrx_word' id='word_1_605' title='bbox 791 5098 1356 5169; x_wconf 74' lang='lat' dir='ltr'><strong>congregareJtaque</strong></span> <span class='ocrx_word' id='word_1_606' title='bbox 1386 5098 1660 5168; x_wconf 67' lang='lat' dir='ltr'><strong>praeclara:</strong></span> <span class='ocrx_word' id='word_1_607' title='bbox 1695 5100 1979 5153; x_wconf 70' lang='lat' dir='ltr'><strong>memoria:</strong></span> 
     </span>
    </p>
   </div>
   <div class='ocr_carea' id='block_1_90' title="bbox 390 5192 1975 5262">
    <p class='ocr_par' dir='ltr' id='par_1_90' title="bbox 390 5192 1975 5262">
     <span class='ocr_line' id='line_1_90' title="bbox 390 5192 1975 5262; baseline 0.003 -21"><span class='ocrx_word' id='word_1_608' title='bbox 390 5193 789 5247; x_wconf 77' lang='lat' dir='ltr'><strong>Constantinus</strong></span> <span class='ocrx_word' id='word_1_609' title='bbox 824 5193 1130 5262; x_wconf 87' lang='lat' dir='ltr'><strong>imperator</strong></span> <span class='ocrx_word' id='word_1_610' title='bbox 1159 5192 1211 5246; x_wconf 93' lang='lat' dir='ltr'><strong>in</strong></span> <span class='ocrx_word' id='word_1_611' title='bbox 1244 5194 1577 5249; x_wconf 87' lang='lat' dir='ltr'><strong>allocutione</strong></span> <span class='ocrx_word' id='word_1_612' title='bbox 1625 5193 1688 5246; x_wconf 90' lang='lat' dir='ltr'><strong>ad</strong></span> <span class='ocrx_word' id='word_1_613' title='bbox 1731 5202 1975 5248; x_wconf 85' lang='lat' dir='ltr'><strong>sanctam</strong></span> 
     </span>
    </p>
   </div>
   <div class='ocr_carea' id='block_1_91' title="bbox 391 5285 1980 5356">
    <p class='ocr_par' dir='ltr' id='par_1_91' title="bbox 391 5285 1980 5356">
     <span class='ocr_line' id='line_1_91' title="bbox 391 5285 1980 5356; baseline -0.001 -18"><span class='ocrx_word' id='word_1_614' title='bbox 391 5285 661 5356; x_wconf 83' lang='lat' dir='ltr'><strong>synodum</strong></span> <span class='ocrx_word' id='word_1_615' title='bbox 715 5288 782 5341; x_wconf 87' lang='lat' dir='ltr'><strong>dc</strong></span> <span class='ocrx_word' id='word_1_616' title='bbox 835 5301 990 5356; x_wconf 84' lang='lat' dir='ltr'><strong>pace,</strong></span> <span class='ocrx_word' id='word_1_617' title='bbox 1049 5293 1109 5339; x_wconf 91' lang='lat' dir='ltr'><strong>ut</strong></span> <span class='ocrx_word' id='word_1_618' title='bbox 1165 5285 1350 5341; x_wconf 87' lang='lat' dir='ltr'><strong>videre</strong></span> <span class='ocrx_word' id='word_1_619' title='bbox 1404 5296 1490 5341; x_wconf 90' lang='lat' dir='ltr'><strong>cst</strong></span> <span class='ocrx_word' id='word_1_620' title='bbox 1537 5286 1589 5340; x_wconf 88' lang='lat' dir='ltr'><strong>in</strong></span> <span class='ocrx_word' id='word_1_621' title='bbox 1658 5287 1980 5356; x_wconf 79' lang='lat' dir='ltr'><strong>fragmentis</strong></span> 
     </span>
    </p>
   </div>
   <div class='ocr_carea' id='block_1_92' title="bbox 391 5378 1976 5451">
    <p class='ocr_par' dir='ltr' id='par_1_92' title="bbox 391 5378 1976 5451">
     <span class='ocr_line' id='line_1_92' title="bbox 391 5378 1976 5451; baseline 0.002 -21"><span class='ocrx_word' id='word_1_622' title='bbox 391 5380 585 5447; x_wconf 73' lang='lat' dir='ltr'><strong>prime</strong></span> <span class='ocrx_word' id='word_1_623' title='bbox 616 5380 814 5451; x_wconf 78' lang='lat' dir='ltr'><strong>synodi</strong></span> <span class='ocrx_word' id='word_1_624' title='bbox 844 5398 857 5433; x_wconf 87' lang='lat'><strong>:</strong></span> <span class='ocrx_word' id='word_1_625' title='bbox 895 5397 912 5429; x_wconf 78' lang='grc' dir='ltr'><strong>ι</strong></span> <span class='ocrx_word' id='word_1_626' title='bbox 944 5378 1242 5448; x_wconf 84' lang='lat' dir='ltr'><strong>Postquam</strong></span> <span class='ocrx_word' id='word_1_627' title='bbox 1271 5421 1285 5443; x_wconf 92' lang='lat'><strong>,</strong></span> <span class='ocrx_word' id='word_1_628' title='bbox 1314 5380 1513 5449; x_wconf 85' lang='lat' dir='ltr'><strong>inquit,</strong></span> <span class='ocrx_word' id='word_1_629' title='bbox 1547 5380 1614 5435; x_wconf 85' lang='lat' dir='ltr'><strong>de</strong></span> <span class='ocrx_word' id='word_1_630' title='bbox 1649 5389 1830 5435; x_wconf 82' lang='lat' dir='ltr'><strong>vestra</strong></span> <span class='ocrx_word' id='word_1_631' title='bbox 1867 5380 1976 5435; x_wconf 72' lang='lat' dir='ltr'><strong>alis-</strong></span> 
     </span>
    </p>
   </div>
   <div class='ocr_carea' id='block_1_93' title="bbox 392 5473 2026 5544">
    <p class='ocr_par' dir='ltr' id='par_1_93' title="bbox 392 5473 2026 5544">
     <span class='ocr_line' id='line_1_93' title="bbox 392 5473 2026 5544; baseline 0 -18"><span class='ocrx_word' id='word_1_632' title='bbox 392 5473 651 5527; x_wconf 70' lang='lat' dir='ltr'><strong>sensione</strong></span> <span class='ocrx_word' id='word_1_633' title='bbox 677 5486 874 5542; x_wconf 69' lang='lat' dir='ltr'><strong>praeter</strong></span> <span class='ocrx_word' id='word_1_634' title='bbox 909 5489 1129 5528; x_wconf 87' lang='lat' dir='ltr'><strong>omnem</strong></span> <span class='ocrx_word' id='word_1_635' title='bbox 1174 5490 1327 5544; x_wconf 78' lang='lat' dir='ltr'><strong>Spem</strong></span> <span class='ocrx_word' id='word_1_636' title='bbox 1364 5474 1573 5537; x_wconf 80' lang='lat' dir='ltr'><strong>audivi,</strong></span> <span class='ocrx_word' id='word_1_637' title='bbox 1609 5491 1717 5528; x_wconf 80' lang='lat' dir='ltr'><strong>non</strong></span> <span class='ocrx_word' id='word_1_638' title='bbox 1757 5475 1976 5543; x_wconf 85' lang='lat' dir='ltr'><strong>postha—</strong></span> <span class='ocrx_word' id='word_1_639' title='bbox 2021 5512 2026 5515; x_wconf 89' lang='grc'><strong><em>-</em></strong></span> 
     </span>
    </p>
   </div>
   <div class='ocr_carea' id='block_1_94' title="bbox 391 5567 1978 5639">
    <p class='ocr_par' dir='ltr' id='par_1_94' title="bbox 391 5567 1978 5639">
     <span class='ocr_line' id='line_1_94' title="bbox 391 5567 1978 5639; baseline 0.001 -20"><span class='ocrx_word' id='word_1_640' title='bbox 391 5567 633 5623; x_wconf 71' lang='grc' dir='ltr'><strong>ὶιοιιύυιιι</strong></span> <span class='ocrx_word' id='word_1_641' title='bbox 668 5569 797 5622; x_wconf 75' lang='lat' dir='ltr'><strong>duxi</strong></span> <span class='ocrx_word' id='word_1_642' title='bbox 831 5568 977 5638; x_wconf 87' lang='lat' dir='ltr'><strong>quod</strong></span> <span class='ocrx_word' id='word_1_643' title='bbox 1016 5569 1247 5623; x_wconf 74' lang='lat' dir='ltr'><strong>relatum</strong></span> <span class='ocrx_word' id='word_1_644' title='bbox 1275 5578 1399 5634; x_wconf 87' lang='lat' dir='ltr'><strong>est;</strong></span> <span class='ocrx_word' id='word_1_645' title='bbox 1431 5571 1523 5624; x_wconf 86' lang='lat' dir='ltr'><strong>sed</strong></span> <span class='ocrx_word' id='word_1_646' title='bbox 1555 5580 1811 5639; x_wconf 82' lang='lat' dir='ltr'><strong>precatus</strong></span> <span class='ocrx_word' id='word_1_647' title='bbox 1845 5568 1978 5623; x_wconf 80' lang='lat' dir='ltr'><strong>huic</strong></span> 
     </span>
    </p>
   </div>
   <div class='ocr_carea' id='block_1_95' title="bbox 394 5660 1980 5730">
    <p class='ocr_par' dir='ltr' id='par_1_95' title="bbox 394 5660 1980 5730">
     <span class='ocr_line' id='line_1_95' title="bbox 394 5660 1980 5730; baseline 0 -19"><span class='ocrx_word' id='word_1_648' title='bbox 394 5661 556 5712; x_wconf 78' lang='lat' dir='ltr'><strong>etiam</strong></span> <span class='ocrx_word' id='word_1_649' title='bbox 620 5661 695 5713; x_wconf 89' lang='lat' dir='ltr'><strong>rei</strong></span> <span class='ocrx_word' id='word_1_650' title='bbox 754 5661 1005 5715; x_wconf 78' lang='lat' dir='ltr'><strong>adhiberi</strong></span> <span class='ocrx_word' id='word_1_651' title='bbox 1086 5660 1392 5715; x_wconf 79' lang='lat' dir='ltr'><strong>remedium</strong></span> <span class='ocrx_word' id='word_1_652' title='bbox 1446 5677 1545 5730; x_wconf 65' lang='lat' dir='ltr'><strong>per</strong></span> <span class='ocrx_word' id='word_1_653' title='bbox 1611 5660 1980 5714; x_wconf 82' lang='lat' dir='ltr'><strong>ministerium</strong></span> 
     </span>
    </p>
   </div>
   <div class='ocr_carea' id='block_1_96' title="bbox 397 5751 1982 5823">
    <p class='ocr_par' dir='ltr' id='par_1_96' title="bbox 397 5751 1982 5823">
     <span class='ocr_line' id='line_1_96' title="bbox 397 5751 1982 5823; baseline 0.002 -23"><span class='ocrx_word' id='word_1_654' title='bbox 397 5768 601 5813; x_wconf 86' lang='lat' dir='ltr'><strong>meum,</strong></span> <span class='ocrx_word' id='word_1_655' title='bbox 630 5768 823 5807; x_wconf 78' lang='lat' dir='ltr'><strong>omnes</strong></span> <span class='ocrx_word' id='word_1_656' title='bbox 852 5756 1058 5823; x_wconf 79' lang='lat' dir='ltr'><strong>absque</strong></span> <span class='ocrx_word' id='word_1_657' title='bbox 1102 5769 1251 5807; x_wconf 87' lang='lat' dir='ltr'><strong>mora</strong></span> <span class='ocrx_word' id='word_1_658' title='bbox 1280 5752 1568 5807; x_wconf 69' lang='lat' dir='ltr'><strong>accersiri.</strong></span> <span class='ocrx_word' id='word_1_659' title='bbox 1604 5771 1621 5803; x_wconf 77' lang='grc' dir='ltr'><strong>ι</strong></span> <span class='ocrx_word' id='word_1_660' title='bbox 1663 5751 1982 5815; x_wconf 68' lang='lat' dir='ltr'><strong>Accersissc</strong></span> 
     </span>
    </p>
   </div>
   <div class='ocr_carea' id='block_1_97' title="bbox 395 5845 1979 5915">
    <p class='ocr_par' dir='ltr' id='par_1_97' title="bbox 395 5845 1979 5915">
     <span class='ocr_line' id='line_1_97' title="bbox 395 5845 1979 5915; baseline 0 -20"><span class='ocrx_word' id='word_1_661' title='bbox 395 5846 472 5896; x_wconf 53' lang='lat' dir='ltr'><strong>ait</strong></span> <span class='ocrx_word' id='word_1_662' title='bbox 514 5860 571 5897; x_wconf 83' lang='lat' dir='ltr'><strong>se</strong></span> <span class='ocrx_word' id='word_1_663' title='bbox 605 5846 915 5913; x_wconf 75' lang='lat' dir='ltr'><strong>episcopos,</strong></span> <span class='ocrx_word' id='word_1_664' title='bbox 956 5862 1065 5899; x_wconf 77' lang='lat' dir='ltr'><strong>non</strong></span> <span class='ocrx_word' id='word_1_665' title='bbox 1125 5845 1272 5915; x_wconf 77' lang='lat' dir='ltr'><strong>regia</strong></span> <span class='ocrx_word' id='word_1_666' title='bbox 1302 5861 1460 5899; x_wconf 89' lang='lat' dir='ltr'><strong>usum</strong></span> <span class='ocrx_word' id='word_1_667' title='bbox 1504 5854 1773 5914; x_wconf 76' lang='lat' dir='ltr'><strong>potestate</strong></span> <span class='ocrx_word' id='word_1_668' title='bbox 1801 5885 1814 5907; x_wconf 91' lang='lat'><strong>,</strong></span> <span class='ocrx_word' id='word_1_669' title='bbox 1866 5858 1979 5897; x_wconf 86' lang='lat' dir='ltr'><strong>non</strong></span> 
     </span>
    </p>
   </div>
   <div class='ocr_carea' id='block_1_98' title="bbox 398 5935 1985 6003">
    <p class='ocr_par' dir='ltr' id='par_1_98' title="bbox 398 5935 1985 6003">
     <span class='ocr_line' id='line_1_98' title="bbox 398 5935 1985 6003; baseline 0.004 -18"><span class='ocrx_word' id='word_1_670' title='bbox 398 5935 617 5999; x_wconf 85' lang='lat' dir='ltr'><strong>politica</strong></span> <span class='ocrx_word' id='word_1_671' title='bbox 669 5936 1142 5993; x_wconf 76' lang='lat' dir='ltr'><strong>administratione</strong></span> <span class='ocrx_word' id='word_1_672' title='bbox 1187 5939 1456 6003; x_wconf 74' lang='lat' dir='ltr'><strong>inmixuut,</strong></span> <span class='ocrx_word' id='word_1_673' title='bbox 1517 5937 1614 5990; x_wconf 79' lang='lat' dir='ltr'><strong>sed</strong></span> <span class='ocrx_word' id='word_1_674' title='bbox 1667 5948 1985 6001; x_wconf 60' lang='lat' dir='ltr'><strong>metatum,</strong></span> 
     </span>
    </p>
   </div>
   <div class='ocr_carea' id='block_1_99' title="bbox 2088 4804 3657 4888">
    <p class='ocr_par' dir='ltr' id='par_1_99' title="bbox 2088 4804 3657 4888">
     <span class='ocr_line' id='line_1_99' title="bbox 2088 4804 3657 4888; baseline -0.015 -10"><span class='ocrx_word' id='word_1_675' title='bbox 2088 4824 2369 4885; x_wconf 73' lang='grc' dir='ltr'><strong>ποιοῦντες</strong></span> <span class='ocrx_word' id='word_1_676' title='bbox 2406 4824 2489 4874; x_wconf 84' lang='grc' dir='ltr'><strong>ὅτι</strong></span> <span class='ocrx_word' id='word_1_677' title='bbox 2517 4820 2678 4873; x_wconf 78' lang='grc' dir='ltr'><strong>τοῦτο</strong></span> <span class='ocrx_word' id='word_1_678' title='bbox 2710 4820 2981 4888; x_wconf 73' lang='grc' dir='ltr'><strong>ἔπραττον</strong></span> <span class='ocrx_word' id='word_1_679' title='bbox 3024 4815 3125 4882; x_wconf 77' lang='grc' dir='ltr'><strong>οὐχ</strong></span> <span class='ocrx_word' id='word_1_680' title='bbox 3170 4810 3246 4874; x_wconf 84' lang='grc' dir='ltr'><strong>ὡς</strong></span> <span class='ocrx_word' id='word_1_681' title='bbox 3292 4804 3657 4876; x_wconf 68' lang='grc' dir='ltr'><strong>ὲξουσιαστπὶ,</strong></span> 
     </span>
    </p>
   </div>
   <div class='ocr_carea' id='block_1_100' title="bbox 2086 4896 3660 4983">
    <p class='ocr_par' dir='ltr' id='par_1_100' title="bbox 2086 4896 3660 4983">
     <span class='ocr_line' id='line_1_100' title="bbox 2086 4896 3660 4983; baseline -0.017 -11"><span class='ocrx_word' id='word_1_682' title='bbox 2086 4918 2205 4973; x_wconf 74' lang='grc' dir='ltr'><strong>ἀλλ’</strong></span> <span class='ocrx_word' id='word_1_683' title='bbox 2235 4918 2311 4980; x_wconf 85' lang='grc' dir='ltr'><strong>ὼς</strong></span> <span class='ocrx_word' id='word_1_684' title='bbox 2362 4911 2795 4983; x_wconf 75' lang='grc' dir='ltr'><strong>ύπερασπισταί.</strong></span> <span class='ocrx_word' id='word_1_685' title='bbox 2854 4909 3019 4963; x_wconf 77' lang='grc' dir='ltr'><strong>Ὥστε</strong></span> <span class='ocrx_word' id='word_1_686' title='bbox 3073 4906 3296 4966; x_wconf 81' lang='grc' dir='ltr'><strong>δικαίως</strong></span> <span class='ocrx_word' id='word_1_687' title='bbox 3348 4902 3413 4953; x_wconf 80' lang='grc' dir='ltr'><strong>ὲκ</strong></span> <span class='ocrx_word' id='word_1_688' title='bbox 3460 4896 3660 4951; x_wconf 79' lang='grc' dir='ltr'><strong>τούτω-ι</strong></span> 
     </span>
    </p>
   </div>
   <div class='ocr_carea' id='block_1_101' title="bbox 2089 4987 3660 5075">
    <p class='ocr_par' dir='ltr' id='par_1_101' title="bbox 2089 4987 3660 5075">
     <span class='ocr_line' id='line_1_101' title="bbox 2089 4987 3660 5075; baseline -0.017 -12"><span class='ocrx_word' id='word_1_689' title='bbox 2089 5007 2419 5073; x_wconf 72' lang='grc' dir='ltr'><strong>συνάγεσθαι</strong></span> <span class='ocrx_word' id='word_1_690' title='bbox 2462 5006 2630 5075; x_wconf 83' lang='grc' dir='ltr'><strong>μόνης</strong></span> <span class='ocrx_word' id='word_1_691' title='bbox 2689 4997 2832 5054; x_wconf 79' lang='grc' dir='ltr'><strong>εἶναι</strong></span> <span class='ocrx_word' id='word_1_692' title='bbox 2872 4998 3081 5068; x_wconf 85' lang='grc' dir='ltr'><strong>κυρίως</strong></span> <span class='ocrx_word' id='word_1_693' title='bbox 3129 4996 3230 5064; x_wconf 78' lang='grc' dir='ltr'><strong>τῆς</strong></span> <span class='ocrx_word' id='word_1_694' title='bbox 3274 4990 3523 5057; x_wconf 78' lang='grc' dir='ltr'><strong>ἐξουσίας</strong></span> <span class='ocrx_word' id='word_1_695' title='bbox 3572 4987 3660 5039; x_wconf 76' lang='grc' dir='ltr'><strong>τοῦ</strong></span> 
     </span>
    </p>
   </div>
   <div class='ocr_carea' id='block_1_102' title="bbox 2089 5081 3659 5165">
    <p class='ocr_par' dir='ltr' id='par_1_102' title="bbox 2089 5081 3659 5165">
     <span class='ocr_line' id='line_1_102' title="bbox 2089 5081 3659 5165; baseline -0.016 -10"><span class='ocrx_word' id='word_1_696' title='bbox 2089 5102 2291 5155; x_wconf 79' lang='grc' dir='ltr'><strong>πάππα</strong></span> <span class='ocrx_word' id='word_1_697' title='bbox 2322 5100 2382 5152; x_wconf 79' lang='grc' dir='ltr'><strong>τὸ</strong></span> <span class='ocrx_word' id='word_1_698' title='bbox 2416 5099 2518 5162; x_wconf 78' lang='grc' dir='ltr'><strong>τὰς</strong></span> <span class='ocrx_word' id='word_1_699' title='bbox 2552 5094 2943 5165; x_wconf 85' lang='grc' dir='ltr'><strong>οἱκουμενικάς</strong></span> <span class='ocrx_word' id='word_1_700' title='bbox 2970 5086 3351 5158; x_wconf 79' lang='grc' dir='ltr'><strong>συναθροίζειν</strong></span> <span class='ocrx_word' id='word_1_701' title='bbox 3387 5081 3659 5139; x_wconf 74' lang='grc' dir='ltr'><strong>συνόδους.</strong></span> 
     </span>
    </p>
   </div>
   <div class='ocr_carea' id='block_1_103' title="bbox 2092 5176 3663 5255">
    <p class='ocr_par' dir='ltr' id='par_1_103' title="bbox 2092 5176 3663 5255">
     <span class='ocr_line' id='line_1_103' title="bbox 2092 5176 3663 5255; baseline -0.013 -9"><span class='ocrx_word' id='word_1_702' title='bbox 2092 5193 2505 5250; x_wconf 82' lang='grc' dir='ltr'><strong>Κωνσταντίνος</strong></span> <span class='ocrx_word' id='word_1_703' title='bbox 2537 5188 2669 5255; x_wconf 82' lang='grc' dir='ltr'><strong>γοῦν</strong></span> <span class='ocrx_word' id='word_1_704' title='bbox 2718 5189 2745 5241; x_wconf 83' lang='grc' dir='ltr'><strong>ὁ</strong></span> <span class='ocrx_word' id='word_1_705' title='bbox 2798 5185 3045 5254; x_wconf 78' lang='grc' dir='ltr'><strong>ἀοίδιμος</strong></span> <span class='ocrx_word' id='word_1_706' title='bbox 3082 5181 3340 5252; x_wconf 80' lang='grc' dir='ltr'><strong>βασιλεὺς</strong></span> <span class='ocrx_word' id='word_1_707' title='bbox 3388 5177 3524 5248; x_wconf 76' lang='grc' dir='ltr'><strong>πρὸς</strong></span> <span class='ocrx_word' id='word_1_708' title='bbox 3571 5176 3663 5241; x_wconf 72' lang='grc' dir='ltr'><strong>τὴν</strong></span> 
     </span>
    </p>
   </div>
   <div class='ocr_carea' id='block_1_104' title="bbox 2094 5273 3663 5354">
    <p class='ocr_par' dir='ltr' id='par_1_104' title="bbox 2094 5273 3663 5354">
     <span class='ocr_line' id='line_1_104' title="bbox 2094 5273 3663 5354; baseline -0.01 -15"><span class='ocrx_word' id='word_1_709' title='bbox 2094 5287 2259 5354; x_wconf 84' lang='grc' dir='ltr'><strong>ἁγίαν</strong></span> <span class='ocrx_word' id='word_1_710' title='bbox 2295 5284 2523 5353; x_wconf 79' lang='grc' dir='ltr'><strong>πρώτην</strong></span> <span class='ocrx_word' id='word_1_711' title='bbox 2560 5282 2779 5335; x_wconf 79' lang='grc' dir='ltr'><strong>σύνοδον</strong></span> <span class='ocrx_word' id='word_1_712' title='bbox 2827 5280 2958 5346; x_wconf 76' lang='grc' dir='ltr'><strong>περὶ</strong></span> <span class='ocrx_word' id='word_1_713' title='bbox 3001 5279 3226 5345; x_wconf 74' lang='grc' dir='ltr'><strong>εἰρήνης</strong></span> <span class='ocrx_word' id='word_1_714' title='bbox 3260 5273 3663 5338; x_wconf 74' lang='grc' dir='ltr'><strong>διαλεγόμενος.</strong></span> 
     </span>
    </p>
   </div>
   <div class='ocr_carea' id='block_1_105' title="bbox 2085 5365 3658 5444">
    <p class='ocr_par' dir='ltr' id='par_1_105' title="bbox 2085 5365 3658 5444">
     <span class='ocr_line' id='line_1_105' title="bbox 2085 5365 3658 5444; baseline -0.011 -13"><span class='ocrx_word' id='word_1_715' title='bbox 2085 5380 2162 5442; x_wconf 86' lang='grc' dir='ltr'><strong>ὡς</strong></span> <span class='ocrx_word' id='word_1_716' title='bbox 2193 5381 2250 5431; x_wconf 76' lang='grc' dir='ltr'><strong>ἐν</strong></span> <span class='ocrx_word' id='word_1_717' title='bbox 2277 5382 2390 5440; x_wconf 86' lang='grc' dir='ltr'><strong>τοῖς</strong></span> <span class='ocrx_word' id='word_1_718' title='bbox 2426 5377 2757 5444; x_wconf 73' lang='grc' dir='ltr'><strong>σωζομένοις</strong></span> <span class='ocrx_word' id='word_1_719' title='bbox 2792 5375 2971 5428; x_wconf 77' lang='grc' dir='ltr'><strong>ἔνεστι</strong></span> <span class='ocrx_word' id='word_1_720' title='bbox 3006 5374 3102 5441; x_wconf 82' lang='grc' dir='ltr'><strong>τῆ;</strong></span> <span class='ocrx_word' id='word_1_721' title='bbox 3147 5370 3370 5423; x_wconf 73' lang='grc' dir='ltr'><strong>συνόδου</strong></span> <span class='ocrx_word' id='word_1_722' title='bbox 3424 5365 3658 5432; x_wconf 78' lang='grc' dir='ltr'><strong>ἐκείνης.</strong></span> 
     </span>
    </p>
   </div>
   <div class='ocr_carea' id='block_1_106' title="bbox 2093 5458 3666 5540">
    <p class='ocr_par' dir='ltr' id='par_1_106' title="bbox 2093 5458 3666 5540">
     <span class='ocr_line' id='line_1_106' title="bbox 2093 5458 3666 5540; baseline -0.01 -16"><span class='ocrx_word' id='word_1_723' title='bbox 2093 5491 2111 5524; x_wconf 79' lang='grc' dir='ltr'>ι</span> <span class='ocrx_word' id='word_1_724' title='bbox 2157 5472 2415 5539; x_wconf 73' lang='grc' dir='ltr'><strong>Ἐπειδὴ,</strong></span> <span class='ocrx_word' id='word_1_725' title='bbox 2474 5471 2648 5540; x_wconf 78' lang='grc' dir='ltr'><strong>φησὶ,</strong></span> <span class='ocrx_word' id='word_1_726' title='bbox 2702 5470 2802 5537; x_wconf 74' lang='grc' dir='ltr'><strong>τὴν</strong></span> <span class='ocrx_word' id='word_1_727' title='bbox 2851 5468 3128 5536; x_wconf 86' lang='grc' dir='ltr'><strong>υμετέραν</strong></span> <span class='ocrx_word' id='word_1_728' title='bbox 3192 5464 3475 5516; x_wconf 84' lang='grc' dir='ltr'><strong>διάστασιν</strong></span> <span class='ocrx_word' id='word_1_729' title='bbox 3536 5458 3666 5524; x_wconf 82' lang='grc' dir='ltr'><strong>παρ’</strong></span> 
     </span>
    </p>
   </div>
   <div class='ocr_carea' id='block_1_107' title="bbox 2093 5548 3665 5629">
    <p class='ocr_par' dir='ltr' id='par_1_107' title="bbox 2093 5548 3665 5629">
     <span class='ocr_line' id='line_1_107' title="bbox 2093 5548 3665 5629; baseline -0.011 -12"><span class='ocrx_word' id='word_1_730' title='bbox 2093 5564 2285 5618; x_wconf 77' lang='grc' dir='ltr'><strong>ἐλπίδα</strong></span> <span class='ocrx_word' id='word_1_731' title='bbox 2321 5565 2506 5617; x_wconf 81' lang='grc' dir='ltr'><strong>πᾶσαν</strong></span> <span class='ocrx_word' id='word_1_732' title='bbox 2541 5561 2848 5629; x_wconf 77' lang='grc' dir='ltr'><strong>ἐπυθόμην,</strong></span> <span class='ocrx_word' id='word_1_733' title='bbox 2880 5561 2980 5611; x_wconf 80' lang='grc' dir='ltr'><strong>οὐκ</strong></span> <span class='ocrx_word' id='word_1_734' title='bbox 3010 5561 3069 5609; x_wconf 78' lang='grc' dir='ltr'><strong>ἐν</strong></span> <span class='ocrx_word' id='word_1_735' title='bbox 3103 5555 3341 5624; x_wconf 82' lang='grc' dir='ltr'><strong>δευτέρῳ</strong></span> <span class='ocrx_word' id='word_1_736' title='bbox 3365 5554 3463 5623; x_wconf 80' lang='grc' dir='ltr'><strong>τὴν</strong></span> <span class='ocrx_word' id='word_1_737' title='bbox 3495 5548 3665 5614; x_wconf 81' lang='grc' dir='ltr'><strong>ἀκοὴν</strong></span> 
     </span>
    </p>
   </div>
   <div class='ocr_carea' id='block_1_108' title="bbox 2090 5641 3667 5726">
    <p class='ocr_par' dir='ltr' id='par_1_108' title="bbox 2090 5641 3667 5726">
     <span class='ocr_line' id='line_1_108' title="bbox 2090 5641 3667 5726; baseline -0.01 -18"><span class='ocrx_word' id='word_1_738' title='bbox 2090 5658 2316 5726; x_wconf 77' lang='grc' dir='ltr'><strong>ἐθέμην·</strong></span> <span class='ocrx_word' id='word_1_739' title='bbox 2345 5660 2525 5724; x_wconf 81' lang='grc' dir='ltr'><strong>τυχεῖν</strong></span> <span class='ocrx_word' id='word_1_740' title='bbox 2550 5654 2605 5708; x_wconf 79' lang='grc' dir='ltr'><strong>δὲ</strong></span> <span class='ocrx_word' id='word_1_741' title='bbox 2638 5655 2732 5707; x_wconf 71' lang='grc' dir='ltr'><strong>καὶ</strong></span> <span class='ocrx_word' id='word_1_742' title='bbox 2778 5650 2936 5704; x_wconf 82' lang='grc' dir='ltr'><strong>τοῦτο</strong></span> <span class='ocrx_word' id='word_1_743' title='bbox 2972 5647 3270 5718; x_wconf 69' lang='grc' dir='ltr'><strong>θεραπείας</strong></span> <span class='ocrx_word' id='word_1_744' title='bbox 3303 5646 3370 5699; x_wconf 82' lang='grc' dir='ltr'><strong>δι’</strong></span> <span class='ocrx_word' id='word_1_745' title='bbox 3410 5642 3548 5712; x_wconf 74' lang='grc' dir='ltr'><strong>ἐμῆς</strong></span> <span class='ocrx_word' id='word_1_746' title='bbox 3580 5641 3667 5692; x_wconf 82' lang='grc' dir='ltr'><strong>εύ-</strong></span> 
     </span>
    </p>
   </div>
   <div class='ocr_carea' id='block_1_109' title="bbox 2092 5738 3665 5819">
    <p class='ocr_par' dir='ltr' id='par_1_109' title="bbox 2092 5738 3665 5819">
     <span class='ocr_line' id='line_1_109' title="bbox 2092 5738 3665 5819; baseline -0.012 -16"><span class='ocrx_word' id='word_1_747' title='bbox 2092 5752 2325 5819; x_wconf 77' lang='grc' dir='ltr'><strong>ξάμενος</strong></span> <span class='ocrx_word' id='word_1_748' title='bbox 2359 5748 2685 5818; x_wconf 80' lang='grc' dir='ltr'><strong>ὑπηρεσίας,</strong></span> <span class='ocrx_word' id='word_1_749' title='bbox 2718 5748 2843 5808; x_wconf 80' lang='grc' dir='ltr'><strong>τοὺς</strong></span> <span class='ocrx_word' id='word_1_750' title='bbox 2893 5745 3104 5804; x_wconf 81' lang='grc' dir='ltr'><strong>πάντας</strong></span> <span class='ocrx_word' id='word_1_751' title='bbox 3153 5738 3419 5811; x_wconf 72' lang='grc' dir='ltr'><strong>ἀμελλητὶ</strong></span> <span class='ocrx_word' id='word_1_752' title='bbox 3453 5751 3665 5804; x_wconf 75' lang='grc' dir='ltr'><strong>συμμεο</strong></span> 
     </span>
    </p>
   </div>
   <div class='ocr_carea' id='block_1_110' title="bbox 2089 5828 3667 5911">
    <p class='ocr_par' dir='ltr' id='par_1_110' title="bbox 2089 5828 3667 5911">
     <span class='ocr_line' id='line_1_110' title="bbox 2089 5828 3667 5911; baseline -0.013 -15"><span class='ocrx_word' id='word_1_753' title='bbox 2089 5841 2481 5911; x_wconf 76' lang='grc' dir='ltr'><strong>τεστειλάμην.</strong></span> <span class='ocrx_word' id='word_1_754' title='bbox 2517 5861 2535 5891; x_wconf 77' lang='grc' dir='ltr'><strong>ι</strong></span> <span class='ocrx_word' id='word_1_755' title='bbox 2577 5838 3123 5908; x_wconf 77' lang='grc' dir='ltr'><strong>Συμμετεστείλατο,</strong></span> <span class='ocrx_word' id='word_1_756' title='bbox 3162 5832 3318 5903; x_wconf 75' lang='grc' dir='ltr'><strong>φησὶ,</strong></span> <span class='ocrx_word' id='word_1_757' title='bbox 3372 5830 3496 5891; x_wconf 68' lang='grc' dir='ltr'><strong>τοὺς</strong></span> <span class='ocrx_word' id='word_1_758' title='bbox 3549 5828 3667 5877; x_wconf 76' lang='grc' dir='ltr'><strong>ἑπι-</strong></span> 
     </span>
    </p>
   </div>
   <div class='ocr_carea' id='block_1_111' title="bbox 2092 5915 3658 6003">
    <p class='ocr_par' dir='ltr' id='par_1_111' title="bbox 2092 5915 3658 6003">
     <span class='ocr_line' id='line_1_111' title="bbox 2092 5915 3658 6003; baseline -0.014 -13"><span class='ocrx_word' id='word_1_759' title='bbox 2092 5938 2350 6003; x_wconf 74' lang='grc' dir='ltr'><strong>σκόπους,</strong></span> <span class='ocrx_word' id='word_1_760' title='bbox 2404 5935 2462 5987; x_wconf 76' lang='grc' dir='ltr'><strong>οὐ</strong></span> <span class='ocrx_word' id='word_1_761' title='bbox 2522 5932 2777 6001; x_wconf 76' lang='grc' dir='ltr'><strong>βασιλικῇ</strong></span> <span class='ocrx_word' id='word_1_762' title='bbox 2838 5928 3126 5998; x_wconf 68' lang='grc' dir='ltr'><strong>δυναστείᾳ</strong></span> <span class='ocrx_word' id='word_1_763' title='bbox 3174 5926 3540 5996; x_wconf 65' lang='grc' dir='ltr'><strong>χρησάμενος,</strong></span> <span class='ocrx_word' id='word_1_764' title='bbox 3599 5915 3658 5969; x_wconf 79' lang='grc' dir='ltr'><strong>οὐ</strong></span> 
     </span>
    </p>
   </div>
  </div>
