4048 6488
437 410 539 471 853

1742 403 2184 466 REFUTATIO
2218 404 2408 463 NIIJ.

3588 402 3693 464 854

434 518 688 587 πολιτικῇ
741 514 1034 587 ἐπιμελείᾳ⁴
1088 514 1506 586 στηριζόμενος,
1559 515 1677 569 ἀλλ’
1710 515 2005 585 εὐξάμενος

2114 524 2173 568 ut
2230 516 2372 568 malo
2425 512 2781 569 adhiberetur
2810 514 3120 570 remedium
3170 529 3268 584 per
3322 514 3690 571 ministerium

429 614 616 681 τυχεῖν
637 610 936 681 θεραπείας
965 610 1027 663 τδ
1049 610 1219 664 κακὸν
1240 610 1330 664 διὰ
1353 612 1452 679 τῆς
1482 609 1650 665 αὐτοῦ
1675 611 2005 680 ὑπηρεσίας.

433 708 557 759 Εἴτε
583 704 715 774 γοῦν
745 704 1054 774 ὑπηρεσίαν
1082 705 1225 766 νοεῖς
1266 705 1369 773 τὴν
1400 705 1537 775 πρὸς
1580 707 1674 757 τὸν
1707 704 1865 771 Θεὸν,
1893 703 2005 757 εἴτε

431 801 532 872 τὴν
588 801 727 868 πρὸς
779 799 880 871 τὴν
937 799 1297 868 Ἐκκλησίαν,
1345 799 1514 869 εὐχῆς
1569 800 1666 852 καὶ
1701 801 2006 870 ὑπηρεσίας

428 894 592 963 ἔργον
622 894 912 963 ὁμολογεῖν
944 892 1199 960 γενέσθαι
1232 893 1382 960 αὐτῷ
1412 895 1442 945 6
1475 893 1730 960 βασιλεὺς
1778 894 1877 962 τὴν
1915 911 2009 962 με-

429 982 713 1052 τάπεμψιν
742 984 851 1035 τῶν
885 983 1226 1043 ἐπισκόπων,
1265 982 1387 1051 οὐχὶ
1443 982 1701 1046 ἐξουσίας
1729 983 1823 1034 καὶ¹
1849 983 2010 1035 δυνα-

435 1076 641 1135 στείας.
686 1075 750 1128 Et
807 1073 865 1127 δὲ
900 1074 1043 1128 κατά
1091 1074 1191 1145 τὴν
1232 1075 1287 1139 ς’
1334 1074 1552 1128 σύνοδον
1601 1077 2008 1140 Κωνσταντῖνος

431 1166 528 1217 καὶ
557 1162 889 1231 Σίλϐεστρος
925 1163 1216 1229 συνέλεγον
1244 1165 1343 1234 τὴν
1372 1164 1596 1233 πρώτην
1631 1162 1875 1226 σύνοδον,
1914 1165 2008 1218 καὶ

427 1256 685 1320 ὁμολογεῖ
722 1256 1130 1316 Κωνσταντῖνος
1157 1257 1482 1324 συναγεῖραι
1506 1256 1881 1326 ὐπηρετικῶςο
1901 1255 2010 1326 ἄρα

428 1348 755 1418 Σίλϐεστρος
773 1351 1065 1419 συνήγειρε
1093 1350 1491 1419 ποιμαντικῶς.
1512 1349 1635 1410 Πῶς
1658 1350 1769 1420 γὰρ
1795 1349 2006 1414 mm;

432 1440 494 1492 Εἰ
528 1441 635 1510 γὰρ
663 1441 863 1508 ἄλλως,
888 1442 1031 1494 διατί
1064 1442 1140 1512 μὴ
1174 1444 1499 1511 συναγεῖραι
1524 1441 1673 1509 λέγει
1702 1441 1732 1494 6
1761 1441 2009 1507 Ἀλεξαν-

427 1530 637 1597 δρείας,
669 1531 701 1601 ἢ
727 1533 755 1583 6
795 1531 1146 1601 Ἀντιοχείας,
1170 1532 1307 1585 ἀλλὰ
1332 1532 1657 1602 Σίλϐεστρος
1684 1534 1712 1585 6
1750 1531 2003 1603 Ῥώμηςς

434 1622 494 1673 Ei
532 1622 586 1674 δὲ
616 1622 793 1685 εἴποις
818 1664 833 1687 ,
856 1623 956 1675 Διὰ
994 1623 1054 1675 τὸ
1101 1619 1242 1676 εἶναι
1288 1624 1379 1676 τὸν
1422 1622 1642 1693 Ῥώμης
1690 1624 2003 1694 πρῶτονντῇ

434 1713 606 1778 τάξει,
643 1714 1034 1781 ἀντιλεγούσας
1067 1714 1213 1785 ἔχεις
1245 1716 1347 1784 τὴν
1397 1715 1439 1767 δ’
1487 1715 1707 1768 σύνοδον
1757 1716 1856 1769 καὶ
1905 1715 2007 1784 τὴν

432 1804 688 1874 ἑϐδόμην·
724 1804 824 1875 τὴν
855 1802 897 1857 δ’
932 1806 991 1857 ὲν
1027 1800 1110 1869 οἷς
1143 1807 1298 1873 λέγει
1349 1805 1492 1858 κατὰ
1536 1805 1636 1876 τὴν
1685 1804 1859 1876 ἀρχὴν
1897 1805 2007 1858 τῶν

2114 609 2255 679 ejus.
2288 607 2415 662 Sive
2445 621 2576 675 ergo
2627 606 2997 660 ministerium
3034 605 3309 676 intelligas
3336 619 3464 674 erga
3493 605 3689 669 Deum,

2115 699 2231 754 sive
2273 696 2597 758 Ecclesiam,
2656 694 2836 765 precis
2888 704 2943 749 et
3000 693 3290 748 ministerii
3332 709 3471 761 opus
3524 694 3692 749 fuisse

2115 791 2221 846 sibi
2259 788 2710 845 convocationem
2728 788 3113 857 episcoporum
3139 787 3341 842 fatetur
3370 787 3689 858 imperator,

2116 900 2225 939 non
2276 885 2566 952 potestatis
2610 891 2669 938 ct
2716 882 3083 938 auctoritatis.
3114 882 3181 937 Et
3226 882 3273 938 si
3297 881 3693 937 Constantinus

2114 984 2172 1030 ct
2224 975 2507 1039 Silvester,
2544 983 2607 1029 ut
2636 975 2712 1029 ait
2763 986 2915 1030 sexta
2961 974 3225 1046 synodus,
3285 972 3693 1043 congregabant

2115 1069 2347 1138 primam
2380 1068 2682 1138 synodum;
2724 1076 2781 1123 et
2803 1067 3202 1123 Constantinus
3236 1066 3441 1120 fatetur
3471 1080 3530 1120 se
3564 1080 3695 1118 con-

2115 1175 2343 1215 vocasse
2375 1159 2611 1215 ministri
2659 1175 2849 1229 Opera,
2886 1168 3053 1214 restat
3084 1168 3145 1213 ut
3188 1156 3454 1212 Silvester
3490 1170 3696 1210 convo-

2117 1252 2320 1306 caverit
2373 1254 2610 1322 pastoris
2644 1252 2844 1307 oﬂicio.
2878 1250 2998 1318 Quo
3037 1251 3183 1305 enim
3240 1250 3347 1304 alio
3389 1247 3584 1302 titulo?
3634 1244 3689 1300 Si

2114 1345 2261 1399 enim
2322 1346 2432 1399 alio
2485 1346 2668 1409 titulo,
2721 1361 2821 1400 cur
2877 1344 3062 1413 potius
3102 1344 3366 1398 Silvester
3412 1341 3692 1395 Romanus

2114 1452 2276 1508 quam
2311 1438 2715 1492 Alexandrinus
2745 1447 2797 1492 et
2831 1437 3209 1492 Antiochenus
3248 1448 3577 1489 convocasse
3604 1432 3692 1484 di-

2114 1530 2302 1584 citur?
2328 1530 2383 1586 Si
2415 1530 2588 1594 dicas,
2619 1528 2757 1595 Quia
2788 1530 3073 1585 Romanus
3113 1536 3199 1583 est
3231 1529 3426 1581 ordine
3456 1522 3684 1596 prin-ns,

2113 1622 2499 1680 contradicunt
2524 1632 2716 1692 quarta
2767 1632 2825 1676 et
2868 1622 3101 1691 septima
3148 1620 3438 1692 synodus:
3472 1628 3688 1688 quarta.

2116 1713 2209 1767 ubi
2270 1713 2407 1767 dicit
2454 1714 2717 1768 Actorum
2779 1712 2980 1766 initio:
3015 1728 3034 1762 ι
3075 1709 3357 1780 Synodum
3410 1707 3690 1763 celebrare

2113 1813 2393 1860 ausus’est
2427 1804 2717 1860 Dioscorus
2757 1819 2866 1858 non
2908 1803 3132 1859 obtenta
3180 1801 3443 1856 facultate
3486 1816 3514 1854 a
3562 1800 3689 1854 sede

434 1894 784 1962 Πρακτικῶνο
826 1915 843 1948 ι
875 1897 1105 1950 Σύνοδον
1137 1898 1410 1966 ἐτόλμησε
1441 1898 1668 1967 ποιῆσαι
1716 1899 2005 1967 Διόσκορος

2112 1897 2444 1967 apostolica;
2490 1897 2637 1968 quod
2672 1911 2951 1965 nunquam
3003 1895 3206 1950 factum
3258 1903 3363 1957 est,
3424 1908 3527 1948 nec
3573 1892 3687 1946 ﬁeri

430 1989 737 2056 ἐπιτροπῆς
761 1988 885 2060 δίχα
913 1989 1011 2042 τοῦ
1047 1989 1413 2044 ἀποστολικοῦ
1457 1989 1676 2059 θρόνου,
1701 1989 1842 2060 ὅπερ
1861 1991 2014 2045 οὐδὲ-
2111 1989 2261 2045 licet.
2303 2009 2323 2039 ι

432 2096 563 2132 ποτε
592 2081 840 2148 γέγονεν,
873 2081 994 2136 οὐδὲ
1023 2083 1143 2148 ἐξὸν
1173 2082 1452 2151 γενέσθαι.
1496 2101 1515 2133 ι

500 2173 613 2243 Τὴν
645 2172 693 2238 ζ’
721 2176 779 2227 ὲν
804 2171 886 2237 οἷς
916 2175 1066 2241 λέγει
1097 2175 1240 2228 κατὰ
1267 2175 1367 2246 τὴν
1396 2173 1451 2239 ς’
1482 2173 1687 2245 πρᾶξιν
1711 2189 1726 2205 ⁶
1769 2193 1787 2226 t
1827 2175 2010 2245 Νόμος

431 2265 551 2317 ἐστὶ
568 2268 692 2326 ταῖς
721 2266 962 2328 συνόδοις
995 2265 1141 2335 ἔχειν
1184 2267 1449 2337 συνεργὸν
1476 2267 1567 2319 τὸν
1589 2267 1689 2333 τῆς
1719 2265 2009 2334 Ῥωμαίων

433 2356 687 2411 πάππαν.
734 2375 752 2407 ι
789 2357 973 2411 Ταῦτα
1010 2358 1069 2410 δὲ
1124 2360 1397 2428 πρωτεῖον
1442 2358 1504 2410 οὐ
1558 2358 1722 2428 ψιλῆς
1774 2358 2005 2423 τάξεως,

430 2447 545 2501 ἀλλ’
572 2442 826 2511 ἐξουσίας
871 2446 1234 2518 δηλοῦσινοή
1294 2450 1403 2519 γὰρ
1454 2448 1763 2520 ἐπιτροπὴ,
1829 2450 1924 2502 καὶ
1975 2450 2008 2520 ή

434 2543 697 2609 συνεργία
727 2542 821 2594 τοῦ
855 2543 1060 2595 πάππα
1102 2542 1245 2596 κατὰ
1274 2544 1366 2595 τὸν
1401 2542 1567 2611 νόμον
1599 2540 1710 2595 τῶν
1743 2541 2007 2606 συνόδων,

429 2636 690 2704 ἀθέμιτον
723 2636 818 2687 καὶ
848 2636 1168 2704 παράνομον
1213 2634 1366 2705 δηλοῖ
1396 2635 1733 2688 τούναντίον·
1765 2632 1928 2687 τοῦτο
1951 2634 2007 2687 δὲ

430 2728 737 2796 τεκμήριον
767 2728 1048 2796 προφανὲς
1079 2728 1202 2797 οὐχὶ
1233 2729 1405 2797 μόνης
1426 2726 1657 2793 τάξεως,
1693 2726 1810 2779 ἀλλ’
1851 2726 2005 2789 ἔξου-

430 2824 549 2873 σὶα·
584 2821 679 2872 καὶ
710 2821 1059 2885 ἐπιστασίαςο
1090 2821 1312 2890 καὶγὰρ
1335 2820 1590 2890 ὑπῆρξαν
1622 2819 2008 2890 οίκουμενικαὶ

430 2906 668 2968 σύνοδοι.
712 2909 770 2961 ἐν
821 2903 909 2971 αἷς
951 2910 1013 2961 οὐ
1055 2910 1356 2979 τετήρηται
1408 2910 1518 2963 τῶν
1560 2910 1917 2981 πατριαρχῶν
1972 2909 2007 2978 ἡ

426 3002 601 3067 τάξις,
624 2996 735 3056 οἷον
767 3003 825 3054 ὲν
852 3004 919 3073 τῇ
950 3002 1140 3072 τρίτηο
1169 3001 1231 3054 οὐ
1259 3001 1367 3071 γὰρ
1390 3001 1572 3071 παρῆν
1601 3003 1629 3055 6
1656 3001 2008 3054 Κωνσταντι·

424 3091 733 3155 νουπόλεως
780 3093 875 3146 καὶ
907 3095 935 3146 6
978 3093 1313 3163 Ἀντιοχείας
1336 3109 1349 3123 ο
1383 3097 1440 3146 ἐν
1479 3095 1545 3163 τῇ
1575 3092 1838 3165 τετάρτῃ,
1883 3094 1941 3145 ὲν

423 3187 486 3239 οὐ
522 3186 706 3257 παρῆν
733 3188 762 3239 6
798 3186 1205 3257 Ἀλεξανδρείας
1232 3203 1246 3218 ο
1282 3187 1338 3241 ἐν
1382 3188 1449 3256 τῇ
1486 3186 1622 3258 ἕκτη
1674 3185 2005 3256 ἑκϐέϐληται

2110 2168 2128 2181 ⁸
2186 2167 2425 2238 Septima
2460 2169 2675 2223 actione
2708 2183 2763 2222 γι
2785 2167 2877 2222 ubi
2903 2167 3056 2233 dicit,
3096 2184 3113 2218 ι
3145 2166 3319 2237 legem
3352 2165 3687 2237 synodorum

2110 2276 2256 2320 esse.
2286 2270 2350 2335 ut
2386 2260 2691 2315 Romanum
2715 2275 2911 2331 papam
2947 2268 3337 2329 cooperantem
3372 2258 3631 2314 habeant.
3663 2276 3681 2308 ι

2112 2355 2238 2407 Haec
2267 2362 2448 2407 autem
2501 2354 2795 2423 primatum
2846 2353 3137 2424 designant
3167 2368 3277 2411 non
3316 2352 3449 2406 nudi
3478 2351 3689 2405 ordinis

2112 2448 2210 2504 sed
2236 2448 2601 2503 auctoritatis.
2624 2447 2761 2502 Nam
2791 2447 3142 2503 concedenda
3160 2445 3381 2501 licentia
3413 2456 3468 2500 et
3492 2459 3692 2514 coepe-

2112 2542 2251 2596 ratio
2290 2556 2442 2612 papa:
2485 2541 2640 2611 juxta
2683 2541 2863 2612 legem
2902 2540 3238 2612 synodornm
3305 2538 3579 2595 nefarium
3633 2546 3691 2593 et

2112 2630 2360 2700 iniquum
2387 2632 2628 2685 ostendit
2663 2631 2806 2699 quod
2846 2639 3039 2686 contra
3091 2630 3171 2693 fit,
3210 2639 3265 2684 et
3299 2629 3689 2684 manifestissi-

2110 2739 2260 2779 mum
2295 2734 2373 2779 est
2402 2734 2783 2795 argumentum
2811 2738 2918 2779 non
2966 2724 3087 2794 puri
3139 2725 3375 2789 ordinis,
3410 2722 3503 2778 sed
3540 2732 3691 2792 pole-

2111 2816 2272 2871 statis
2335 2825 2391 2870 et
2448 2814 2888 2885 iurisdictionis;
2963 2814 3233 2879 siquidem
3284 2814 3439 2871 fuere
3496 2815 3689 2886 synodi

2109 2908 2464 2962 mcumenicre
2500 2908 2556 2962 in
2599 2907 2803 2977 quibus
2828 2907 2963 2963 ordo
2990 2908 3429 2975 patriarcharum
3457 2922 3567 2962 non
3607 2916 3692 2963 est

2108 3009 2395 3062 servatus,
2448 3006 2637 3067 utpote
2668 2999 2849 3065 tertia,
2893 3002 2947 3054 in
2988 3013 3094 3069 qua
3124 3015 3233 3053 non
3271 2998 3369 3054 fuit
3421 3000 3693 3055 Constan-

2111 3086 2531 3155 tinopolitanus,
2569 3098 2626 3143 et
2660 3088 3078 3155 Antiochenus;
3106 3098 3322 3160 quarta,
3360 3091 3414 3145 in
3446 3106 3553 3161 qua
3579 3107 3688 3145 non

2110 3178 2288 3234 adfuit
2316 3180 2757 3249 Alexandrinus;
2792 3193 2966 3247 sexta,
2999 3183 3053 3238 in
3085 3198 3190 3253 qua
3233 3184 3446 3254 ejectus
3465 3193 3549 3239 est
3577 3185 3690 3239 An-

422 3283 452 3333 6
493 3249 852 3349 Ἀντιοχείας.
885 3249 1072 3350 Χωρὶς
1106 3280 1164 3333 δὲ
1188 3249 1301 3333 τοῦ
1344 3249 1572 3349 Ῥῶμης
1595 3249 1875 3332 ὀὐδέποτε
1900 3249 2005 3345 .γέ-

2114 3270 2508 3326 tiochenus.At
2524 3272 2642 3327 sine
2676 3287 2809 3344 papa
2834 3249 3116 3345 nunquam
3145 3249 3289 3330 facta
3306 3285 3390 3331 est
3423 3276 3686 3346 synodus.

422 3390 607 3439 γονεν,
634 3373 755 3427 οὐδὲ
785 3373 907 3439 ἐξὸν
931 3372 1211 3441 γενέσθαι.
1242 3373 1303 3426 ΕΞ
1324 3373 1382 3426 δὲ
1413 3374 1552 3441 μόνη
1583 3372 1616 3441 ἡ
1645 3370 1799 3436 τάξις
1831 3369 2005 3422 ἐδίδου

425 3465 487 3516 τὸ
520 3467 792 3535 πρωτεῖον
830 3464 907 3535 τῷ
935 3464 1159 3534 πάππα,
1187 3465 1431 3532 ἐγίνοντο
1462 3462 1529 3517 ἂν
1566 3464 1623 3515 αἱ
1670 3462 1881 3516 σύνοδοι
1912 3462 2006 3515 καὶ

426 3556 598 3626 χωρὶς
634 3556 727 3609 τοῦ
764 3556 988 3620 πάππα,
1026 3555 1124 3607 καὶ
1154 3555 1251 3623 τῆς
1280 3553 1534 3619 ἐξουσίας
1564 3552 1755 3607 αὐτοῦ.

511 3644 841 3714 Ἐρμηνεύει
876 3643 935 3694 δὲ
961 3643 1053 3696 τὸν
1084 3643 1279 3694 ἑαυτοῦ
1316 3642 1518 3695 σκοπὸν
1554 3642 1582 3693 6
1638 3640 1813 3711 μέγας
1853 3641 2008 3693 Κωνο

432 3739 713 3798 σταντῖνος
768 3735 1186 3806 προδηλότερον,
1238 3735 1296 3786 ὲν
1335 3729 1417 3796 οἷς
1466 3733 1616 3800 λέγει
1660 3733 1755 3785 καὶ
1804 3731 2007 3801 γράφει

435 3832 548 3892 ταῖς
592 3829 940 3897 Ἐκκλησίαι;
968 3846 983 3861 ο
1050 3847 1069 3881 ι
1109 3830 1326 3900 Πεῖραν,
1376 3829 1533 3898 φησὶ,
1574 3826 1759 3879 λαϐὼν
1812 3828 1876 3879 ὲκ
1905 3827 2008 3890 τῆς

425 3922 536 3974 τῶν
580 3922 778 3975 κοινῶν
832 3922 1160 3992 εὐπραξίας,
1218 3921 1319 3990 ὅση
1360 3920 1460 3989 τῆς
1511 3919 1664 3983 θείας
1718 3920 2007 3989 δυνάμεως

428 4014 641 4082 πέφυκε
672 4015 853 4084 χάρις,
882 4013 1073 4067 τοῦτον
1113 4013 1221 4083 πρό
1249 4029 1315 4081 γε
1360 4014 1579 4067 πάντων
1622 4010 1815 4083 ἔκρινα
1865 4006 2007 4064 εἷναί

431 4124 525 4177 μοι
557 4110 861 4177 προσήκειν
888 4108 1111 4170 σκοπὸν,
1144 4106 1295 4169 ὅπως
1325 4103 1482 4176 παρὰ
1507 4105 1619 4167 τοῖς
1654 4103 2007 4175 μακαριωτά-

426 4218 542 4262 τοις
568 4200 669 4269 τῆς
701 4197 998 4266 καθολικῆς
1043 4195 1373 4267 Ἐκκλησίας
1404 4195 1636 4266 πλήθεσι
1671 4195 1852 4259 πίστις
1884 4198 2005 4267 μία,

426 4292 520 4345 καὶ
545 4292 846 4360 εἰλικρινὴς
878 4290 1090 4359 ἀγάπη,
1123 4290 1465 4358 ὁμογνώμων
1492 4305 1551 4340 τε
1585 4288 1716 4357 περὶ
1741 4287 1835 4340 τὸν
1863 4306 2006 4357 παγ-

424 4381 607 4451 κρατῆ
653 4382 788 4434 Θεὸν
824 4380 1083 4434 εὐσέϐεια
1111 4381 1369 4450 τηρῆται.
1431 4378 1572 4432 Ἀλλ’
1621 4380 1813 4450 ἐπειδὴ
1852 4382 2010 4435 τοῦτο

427 4475 530 4545 οὐχ
562 4468 675 4528 οἷόν
704 4489 766 4526 τε
809 4467 879 4542 ἦν
907 4472 1099 4539 ἀκλινῆ
1128 4474 1222 4525 καὶ
1255 4470 1485 4540 βεϐαίαν
1520 4471 1675 4536 τάξιν
1720 4471 1924 4538 λαϐεῖν,
1959 4473 2007 4524 εί

2109 3373 2214 3414 nec
2245 3360 2362 3414 fieri
2396 3371 2594 3429 potest.
2627 3362 2784 3429 Quod
2829 3365 2874 3419 si
2916 3365 3053 3420 ordo
3079 3366 3228 3421 solus
3261 3366 3554 3434 primatum
3594 3367 3690 3421 tri-

2111 3450 2305 3505 bueret
2331 3468 2504 3523 papae,
2557 3465 2785 3524 possent
2814 3457 2978 3512 etiam
3013 3457 3129 3512 fieri
3165 3458 3357 3530 synodi
3396 3458 3515 3514 sine
3547 3475 3685 3531 papa

2110 3554 2166 3599 et
2197 3548 2520 3601 auctoritate
2547 3548 2687 3617 ejus.

2186 3636 2357 3692 Snum
2411 3654 2573 3708 porro
2626 3640 2919 3695 consilium
2954 3641 3197 3697 declarat
3245 3645 3491 3714 apertius
3550 3644 3693 3701 Con-

2114 3730 2392 3784 stantinus
2444 3729 2672 3801 Magnus
2730 3732 2782 3785 in
2831 3748 2929 3787 sua
2958 3735 3193 3804 epistola
3245 3738 3311 3792 ad
3366 3738 3687 3794 Ecclesias:

2121 3838 2140 3871 r
2185 3818 2345 3884 Cum,
2400 3820 2596 3889 inquit,
2630 3836 2698 3875 ex
2748 3822 2914 3877 rebus
2970 3839 3067 3892 pro
3120 3827 3399 3894 republica
3459 3828 3724 3885 feliciter

2113 3913 2282 3981 gestis
2329 3911 2707 3982 experimento
2767 3913 3077 3981 didicerim,
3135 3927 3340 3987 quanta
3371 3921 3443 3974 sit
3491 3920 3691 3976 divinrc

2111 4004 2335 4060 virtutis
2366 4005 2700 4077 benignitas,
2730 4008 2835 4064 hoc
2876 4008 3011 4064 milii
3051 4019 3179 4064 ante
3207 4011 3311 4064 alia
3346 4013 3687 4082 propositum

2112 4098 2462 4152 statuendum
2491 4100 2701 4174 putavi,
2730 4110 2791 4156 ut
2824 4101 3129 4157 beatissimi
3174 4103 3434 4159 Ecclesia:
3459 4107 3691 4160 catholi-

2113 4200 2191 4240 ca:
2221 4189 2404 4256 populi
2441 4189 2600 4246 ﬁdem
2634 4208 2824 4257 unam,
2855 4202 2910 4249 et
2947 4194 3273 4250 cbaritatem
3311 4197 3605 4265 sinceram,
3634 4211 3692 4254 et

2111 4278 2548 4334 consentientem
2594 4297 2720 4352 erga
2772 4283 3206 4355 omnipotentem
3246 4286 3414 4342 Deum
3469 4296 3691 4344 teneant

2112 4368 2347 4425 cultum.
2370 4370 2568 4427 Verum
2589 4376 2716 4445 quia
2749 4377 2854 4431 hoc
2886 4393 2993 4432 non
3032 4387 3244 4448 poterat
3268 4379 3373 4435 ﬁxo
3394 4382 3691 4452 stabilique

2111 4461 2306 4517 ordine
2355 4465 2585 4531 firmari,
2645 4467 2755 4522 nisi
2806 4469 2895 4525 vel
2944 4470 3205 4527 omnibus
3245 4473 3543 4544 episcopis,
3602 4475 3689 4529 vel

438 4564 516 4636 μὴ
546 4567 627 4629 είς
674 4565 846 4618 ταυτὸ
879 4564 1102 4618 πάντων
1152 4563 1311 4631 ὁμοῦ,
1358 4564 1389 4635 ἢ
1445 4562 1555 4616 τῶν
1587 4564 1719 4631 γοῦν
1745 4564 2005 4617 πλειόνων

2114 4556 2305 4627 majori
2354 4572 2545 4611 eorum
2598 4569 2754 4629 parte
2804 4561 2858 4616 in
2906 4578 3077 4618 unum
3136 4565 3518 4632 conveniente,
3579 4583 3690 4636 quo

432 4658 754 4710 ἐπισκόπων
795 4655 1185 4720 συνελθόντων,
1222 4657 1453 4709 ἑκάστου
1479 4657 1587 4709 τῶν
1613 4656 2003 4726 προσηκόντων

430 4752 500 4819 τῇ
532 4748 817 4820 ἁγιωτάτῃ
869 4748 1139 4818 θρησκείᾳ
1193 4747 1468 4816 διάκρισις
1519 4750 1771 4817 γένοιτοο
1807 4747 2002 4801 τούτου

431 4843 621 4893 ἕνεκεν
650 4840 922 4892 πλείστων
954 4840 1098 4893 ὅσων
1130 4838 1654 4909 συναθροισθέντων,
1705 4841 1801 4893 καὶ
1842 4840 2003 4903 αὐτὸς

433 4933 686 5002 καθάπερ
717 4927 796 4994 εἷς
828 4931 888 4996 ἐξ
912 4931 1068 5001 ὑμῶν
1098 4930 1390 4999 ἐτύγχανον
1426 4931 1757 5001 συμπαρών.
1787 4934 1859 4985 Οὐ
1893 4932 2003 5003 γὰρ

434 5025 788 5095 ἀρνησαίμην
822 5024 912 5088 ἂν,
940 5023 1026 5092 ἐφ’
1049 5017 1093 5090 ᾧ
1121 5023 1359 5093 μάλιστα
1406 5024 1603 5094 χαίρω,
1648 5023 2005 5096 συνθεράπων

437 5116 703 5184 ὑμέτερος
737 5113 1059 5180 πεφυκέναι.
1101 5131 1120 5164 ι

521 5209 609 5260 Ἐν
651 5206 859 5269 τούτοις
886 5208 915 5259 6
948 5207 1121 5275 μέγας
1153 5206 1564 5267 Κωνσταντῖνος
1612 5205 1785 5269 οὓτως
1819 5207 2003 5262 ἐπιλο-

435 5301 670 5369 γίζεται·
711 5300 776 5352 'H
820 5299 1093 5368 εὐπραξία
1128 5299 1236 5350 τῶν
1270 5297 1465 5350 κοινῶν
1497 5299 1620 5366 ἐμοὶ
1650 5300 2004 5369 περιγέγονεν

433 5400 500 5448 ἐκ
527 5395 625 5461 τῆς
655 5392 789 5445 Θεοῦ
815 5391 1060 5461 χάριτος.
1111 5387 1255 5457 Ἐγὼ
1283 5390 1339 5441 δὲ
1370 5388 1621 5459 βασιλεὺς
1653 5389 1729 5443 ὢν
1772 5392 1873 5459 τὴν
1916 5392 2006 5443 εὐ-

433 5487 673 5557 πραξίαν
707 5485 816 5536 τῶν
848 5484 1051 5552 κοινῶν
1083 5482 1284 5551 ὀφείλω
1328 5483 1543 5551 ζητεῖν·
1593 5482 1795 5549 ὀφείλω
1825 5484 2005 5542 τοίνυν

429 5574 774 5627 ἐπισπᾶσθαι
809 5572 911 5642 τὴν
941 5572 1095 5624 θείαν
1128 5572 1307 5641 χάριν.
1357 5570 1665 5623 Ἐπιδίδωσι
1711 5571 1769 5623 δὲ
1810 5573 1841 5639 ὴ
1887 5572 2006 5623 θεία

431 5672 590 5742 χάρις
627 5666 831 5734 ἑαυτὴν
864 5666 1171 5735 γινομένων
1207 5664 1455 5724 ἐκείνων,
1488 5665 1545 5714 ἐν
1584 5658 1664 5724 οἷς
1693 5663 2003 5733 εὐαρεστεῖ-

429 5780 522 5816 ται
550 5760 683 5821 Θεός
706 5777 719 5791 ·
762 5760 1138 5826 εὐαρεστεῖται
1169 5756 1225 5808 δὲ
1262 5757 1496 5824 μάλιστα
1540 5757 1604 5825 τῇ
1651 5754 1783 5824 ὀρθῇ
1817 5756 2001 5807 πίστει

432 5849 850 5924 θρησκευυμένῃ
903 5850 1054 5918 παρὰ
1100 5849 1211 5900 τῶν
1264 5848 1431 5910 λαῶν.
1488 5846 1656 5899 Τοῦτο
1692 5848 1800 5916 ἄρα
1875 5848 1999 5919 ἐμοὶ

2110 4648 2323 4719 singula
2384 4650 2452 4704 ad
2512 4653 2916 4709 sanctissimam
2970 4654 3294 4726 religionem
3357 4659 3689 4728 pertinentia

2111 4741 2583 4809 examinarentur,
2627 4744 2837 4802 idcirco
2874 4749 3295 4819 quamplurimis
3324 4753 3687 4823 congregatis,

2109 4831 2227 4903 ipse
2251 4849 2470 4904 quoque
2503 4845 2760 4906 tanquam
2778 4853 2919 4895 unus
2943 4854 2975 4895 e
2998 4855 3227 4896 numero
3247 4851 3489 4898 vestrum
3515 4844 3685 4899 adfui.

2114 4926 2305 4995 Neque
2341 4928 2487 4982 enim
2524 4930 2834 4999 negaverim
2869 4930 3033 4997 id,ex
3060 4947 3171 5001 quo
3211 4935 3502 4987 maximam
3532 4935 3689 5004 capio

2122 5018 2391 5082 laetitiam,
2440 5030 2683 5074 vestrum
2739 5034 2826 5076 me
2874 5037 3000 5077 esse
3031 5038 3385 5079 conservum.
3422 5044 3441 5074 ι

2157 5202 2215 5257 In
2237 5203 2323 5257 his
2343 5202 2740 5259 Constantinus
2756 5204 2981 5274 Magnus
3002 5207 3105 5261 bac
3126 5208 3547 5263 ratiocinatione
3582 5211 3682 5263 uti.

2109 5305 2232 5350 tur:
2255 5296 2509 5351 Felicitas
2532 5298 2850 5367 reipublicae
2865 5300 3093 5356 obvenit
3121 5301 3254 5353 mihi
3279 5316 3345 5355 ex
3370 5300 3461 5354 Dei
3490 5304 3683 5370 gratia.

2111 5389 2223 5459 Ego
2274 5404 2420 5455 vero,
2471 5404 2596 5443 cum
2634 5390 2932 5460 imperator
2978 5392 3104 5455 sim,
3137 5392 3456 5460 reipublira:
3484 5403 3682 5446 Statum

2113 5480 2343 5536 felicem
2384 5497 2580 5538 curare
2635 5482 2844 5548 debeo;
2887 5498 3016 5553 ergo
3048 5492 3104 5538 et
3128 5485 3357 5555 gratiam
3420 5487 3683 5555 aucupari

2107 5573 2372 5629 divinam.
2412 5575 2510 5628 Dat
2556 5590 2686 5629 vero
2720 5590 2780 5630 se
2832 5575 3015 5630 divina
3064 5578 3261 5646 gratia,
3303 5578 3349 5632 si
3416 5579 3548 5633 fiant
3594 5580 3684 5633 illa

2105 5679 2226 5734 quae
2284 5665 2394 5719 Deo
2454 5665 2704 5733 placent;
2756 5666 2931 5735 placet
2987 5670 3119 5722 vero
3173 5668 3517 5738 potissimum
3577 5668 3689 5723 Deo

2108 5764 2270 5811 rectae
2331 5755 2454 5810 fidei
2482 5756 2681 5811 'cultus
2722 5750 2784 5810 in
2818 5758 3055 5827 populis.
3090 5758 3203 5814 [loc
3228 5775 3359 5830 ergo
3406 5770 3493 5815 est
3549 5760 3683 5813 mibi

2107 5850 2427 5906 curandum.
2458 5849 2569 5904 Sed
2592 5849 2723 5921 quia
2752 5865 2857 5906 non
2889 5862 3103 5923 poterat
3128 5854 3229 5908 hoc
3263 5854 3327 5908 ad
3360 5869 3693 5924 prosperum
