4048 6462
527 306 637 373 859

1682 322 2054 385 ΜΑΤΤΗᾹΠ
2099 317 2635 382 CARYOPBYLLI

3684 313 3790 377 860

525 424 722 495 Itaque
752 425 1014 496 fatentur,
1048 443 1160 485 non
1185 429 1445 502 primaria
1495 433 1710 490 ratione
1734 478 1749 500 ,
1773 436 1868 491 sed
1897 437 1969 492 ob
2008 452 2103 489 ne—

2223 431 2614 502 Ὀμολογοῢσιν
2643 424 2738 483 οὖν
2763 429 2841 500 μὴ
2869 428 3008 482 κατὰ
3062 425 3280 497 πρῶτον
3306 426 3485 496 λόγον,
3536 426 3674 481 ἀλλὰ
3703 430 3790 482 διά

525 518 837 573 cessitatem
881 523 1266 592 temporalium
1315 525 1588 596 attingere
1629 527 1924 596 spiritalia.
1984 528 2102 583 Hoc

525 618 710 665 autem
742 626 853 666 non
882 620 986 676 est,
1022 615 1170 683 quod
1217 626 1275 670 tu
1315 615 1456 671 dicis
1509 616 1905 685 imperatorum
1953 632 2100 676 esse.

526 718 636 758 non
668 705 1082 774 episcoporum,
1122 722 1456 778 congregare
1487 708 1760 779 synodum
1794 708 2103 765 meumeni—

526 808 674 847 eam:
701 793 795 848 sed
825 803 1049 859 contra,
1085 796 1481 866 imperatorum
1526 812 1646 854 esse
1686 814 1788 868 per
1820 801 2103 865 accidens,

526 886 911 955 episcoporum
943 902 1042 956 per
1072 903 1152 941 se.

598 979 1016 1035 Valentinianus
1063 990 1121 1034 et
1182 982 1495 1038 Marcianus
1546 983 1613 1037 de
1649 995 1844 1052 quarta
1896 985 2107 1057 synodo

524 1068 829 1124 scribentes
871 1070 1049 1125 Leoni
1099 1088 1274 1143 papas,
1312 1092 1332 1125 ι
1389 1073 1771 1138 Sanctitatem,
1826 1077 2105 1146 inquiunt,

525 1160 698 1215 Tuam
733 1164 1104 1232 principatum
1134 1166 1188 1219 in
1235 1167 1559 1237 episcopatu
1597 1168 1797 1222 divinas
1820 1168 1946 1223 ﬁdei
1983 1184 2110 1238 pos-

524 1252 817 1317 sidentem,
842 1258 1016 1312 sacris
1044 1257 1243 1311 litteris
1275 1261 1334 1312 in
1374 1260 1646 1329 principio
1681 1262 1888 1330 justum
1923 1261 2106 1315 credi.

525 1360 650 1399 mus
707 1347 1119 1416 alloquendam.
1159 1368 1178 1401 ι
1243 1351 1487 1414 Deinde,
1554 1373 1572 1405 ι
1608 1354 1896 1419 .Quateuus
1958 1354 2107 1407 etmti

526 1438 698 1506 impio
723 1454 915 1494 errore
943 1441 1181 1505 sublato,
1212 1459 1310 1512 per
1339 1444 1725 1499 celebrandam
1755 1445 2027 1516 synodum
2057 1454 2111 1500 te

526 1542 756 1585 auctore
781 1534 1017 1589 maxima
1059 1551 1162 1605 pax
1195 1537 1340 1592 circa
1393 1552 1589 1593 omnes
1627 1539 1916 1608 episcopos
1980 1539 2107 1593 lidei

527 1622 814 1678 catholicae
842 1623 956 1680 fiat.
998 1644 1016 1677 ι
1058 1626 1123 1682 Ει
1158 1629 1449 1685 Pulcheria
1495 1631 1734 1702 Angusta
1766 1630 1821 1685 in
1851 1631 2106 1686 eumdem

526 1714 753 1770 modum
783 1715 955 1772 Leoni
987 1720 1257 1785 scribens,
1288 1740 1307 1773 ι
1344 1721 1415 1776 Ει
1444 1732 1751 1793 prepterea,
1785 1724 1987 1794 inquit.
2014 1734 2108 1782 tua

2208 523 2307 593 τὴν
2342 523 2593 592 ἀνάγκην
2625 521 2735 574 τῶν
2756 519 3086 588 σωματικῶν
3114 518 3382 573 ἃπτεσθαι
3406 521 3518 572 τῶν
3551 537 3793 591 πνευμα-

2207 617 2402 669 τικῶν·
2432 615 2596 669 τοῦτο
2625 615 2684 668 δὲ
2714 615 2817 668 οὐκ
2860 613 3012 669 ἐστιν
3039 613 3069 667 ὃ
3096 613 3305 680 λέγεις,
3357 610 3652 683 βασιλέων,
3692 614 3795 668 οὐκ

2210 708 2527 763 ἐπισκόπων
2557 703 2701 761 εἶναι
2738 706 2801 761 τὸ
2835 706 3095 777 συνάγειν
3131 708 3406 770 συνόδους·
3459 705 3662 777 μᾶλλον
3694 708 3797 777 μὲν

2208 795 2304 852 οὖν
2334 799 2672 859 τούναντίον.
2706 800 2849 854 κατὰ
2878 799 3230 871 συμϐεϐηκὸς
3278 794 3421 853 εἶναι
3470 798 3581 852 τῶν
3642 798 3800 870 βασι-

2205 893 2371 957 λέων,
2402 893 2526 947 καθ’
2558 894 2695 947 αὐτὸ
2720 893 2830 945 τῶν
2860 892 3205 948 ἐπισκόπων.

2284 986 2738 1049 Οὐαλεντινιανὸς
2758 985 2814 1038 δὲ
2840 988 2933 1038 καὶ
2962 984 3281 1056 Μαρκιανὸς
3303 983 3433 1055 περὶ
3458 984 3556 1052 τῆς
3576 981 3619 1037 δ’
3642 984 3803 1036 συνόο

2209 1076 2302 1131 δου
2332 1076 2470 1145 πρὸς
2495 1074 2702 1129 Λέοντα
2735 1077 3043 1143 γράφοντες
3074 1076 3166 1127 τὸν
3195 1076 3453 1136 πάππαν,
3504 1073 3580 1137 ὡς
3637 1073 3801 1126 ἔστιν

2217 1168 2348 1221 ἰδεῖν
2385 1169 2441 1220 ὲν
2481 1169 2594 1229 τοῖς
2661 1167 2767 1236 πρὸ
2834 1166 2944 1219 τῶν
2996 1166 3324 1235 Πρακτικῶν
3373 1166 3471 1231 τῆς
3530 1166 3799 1228 συνόδου,

2215 1280 2237 1314 ε
2276 1261 2388 1331 Τὴν
2447 1260 2546 1330 σὴν
2579 1259 2948 1328 Ἀγιωσύνην,
3028 1262 3218 1327 φασιν,
3299 1247 3799 1321 ἑπισκοπεύουσαν,

2214 1355 2312 1407 καὶ
2332 1355 2617 1423 ἄρχουσαν
2648 1352 2748 1422 τῆς
2794 1352 2947 1415 θείας
2980 1353 3240 1414 πίστεως,
3291 1352 3452 1420 ἱεροῖς
3471 1349 3799 1421 γράμμασιν

2213 1448 2274 1499 ὲν
2319 1446 2560 1514 πρώτοις
2590 1446 2797 1497 δίκαιον
2821 1445 3155 1515 ἡγησάμεθα
3184 1444 3523 1511 προσειπεῖν.
3588 1461 3606 1492 ι
3639 1435 3797 1494 Elea:

2220 1553 2239 1586 ι
2279 1534 2468 1597 Ὥστε,
2509 1535 2693 1605 πάσης
2725 1535 2958 1598 ἀσεϐοῦς
2990 1534 3201 1603 πλάνης
3257 1532 3682 1605 ἀποκινηθείσης
3709 1532 3800 1586 διὰ

2212 1629 2316 1697 τῆς
2334 1628 2936 1699 συγκροτηθησομένης
2978 1628 3185 1694 ταύτης
3218 1626 3438 1680 συνόδου
3483 1624 3580 1678 σοῦ
3607 1624 3803 1678 αὐθενο

2216 1721 2461 1783 τοῦντος,
2489 1722 2725 1791 μεγίστη
2758 1721 2952 1792 εἰρήνη
2986 1721 3119 1791 περὶ
3167 1720 3375 1783 πάντας
3407 1718 3533 1782 τοὺς
3573 1718 3804 1770 ἐπισκό-

527 1809 845 1864 reverentia
867 1825 1200 1882 quocunque
1219 1813 1386 1868 modo
1408 1817 1772 1884 prospexerit,
1801 1816 2112 1886 signiﬁcare

2223 1832 2353 1877 πους
2385 1814 2486 1884 τῆς
2519 1813 2820 1878 καθολικῆς
2847 1814 3087 1874 πίστεως
3111 1813 3363 1882 γένηται.
3409 1831 3427 1864 ι
3477 1809 3681 1880 Γράφει
3706 1811 3805 1863 καὶ

528 1898 819 1969 dignetur,
855 1910 917 1956 ut
942 1917 1134 1962 omnes
1163 1903 1329 1958 etiam
1365 1907 1534 1960 totius
1565 1905 1807 1962 Orientis
1838 1907 2106 1978 episcopi.

529 1988 777 2044 Thraciae
807 2001 974 2062 atque
998 1992 1195 2065 Illyrici
1234 1996 1289 2050 in
1328 2012 1492 2052 unam
1534 1998 1812 2070 civitatem
1845 1998 2112 2055 velociter

528 2081 598 2135 ab
631 2080 1011 2142 Orientalibus
1036 2088 1291 2157 partibus
1317 2090 1534 2145 valeant
1564 2092 1880 2147 convenire.
1923 2110 1945 2144 ι

2222 1907 2527 1978 Πουλχερία
2549 1908 2585 1978 ἡ
2616 1906 2905 1977 Δύγούστα
2933 1905 3063 1975 περὶ
3085 1903 3274 1956 τούτου
3327 1902 3464 1973 πρὸς
3491 1905 3581 1953 τὸν
3634 1899 3804 1953 αὐτὸν

2221 2000 2431 2055 Λέοντα
2475 2000 2566 2053 τὸν
2606 2000 2842 2054 πάππαν
2885 1997 3134 2053 τοιαῦτα·
3171 2014 3193 2049 ι
3231 1996 3338 2049 Καὶ
3372 1995 3460 2047 διὰ
3484 1994 3645 2047 τοῦτο
3668 1994 3702 2062 ἠ
3733 1993 3805 2061 σὴ

2222 2091 2482 2145 εὐλάϐεια
2500 2092 2625 2145 καθ’
2646 2090 2705 2144 ὃν
2737 2090 2805 2144 ἂν
2831 2090 3028 2161 φανείη
3058 2090 3280 2159 τρῦπον,
3340 2088 3582 2157 σημᾶναι
3626 2102 3802 2137 κατα-

529 2175 736 2240 ξιὼσει,
764 2178 850 2232 ἵνα
882 2181 1085 2245 πάντες
1114 2186 1210 2236 καὶ
1248 2186 1434 2254 πάσης
1469 2188 1567 2255 τῆς
1610 2186 1904 2257 ⁹Ανατολῆς
1966 2189 2013 2241 oi
2084 2187 2403 2255 ἐπίσκοποι,
2456 2187 2680 2258 Θρᾴκης
2712 2203 2774 2239 τε
2815 2187 2911 2239 καὶ
2967 2185 3296 2254 Ἰλλυρικοῦ,
3324 2183 3406 2248 εἰς
3453 2182 3582 2253 μίαν
3645 2180 3802 2235 πολιν

527 2271 627 2340 τὴν
657 2272 922 2344 ταχίστην
957 2276 1069 2331 ἀπὸ
1106 2278 1216 2334 τῶν
1266 2280 1608 2336 ἀνατολικῶν
1642 2282 1830 2352 μερῶν
1870 2282 2322 2352 παραγένωνται.

601 2370 787 2433 Vides.
819 2372 913 2441 qui
946 2382 1198 2443 quartam
1233 2376 1499 2448 synodum
1538 2393 1942 2449 congregavere
1977 2379 2112 2450 quid

528 2463 812 2519 scribant?
842 2464 1264 2521 Convocandam
1309 2469 1580 2539 synodum
1612 2484 1839 2525 auctore
1870 2486 2032 2541 papa,
2059 2480 2116 2525 et

529 2556 844 2628 signiﬁcare
890 2558 1133 2623 volente,
1182 2570 1244 2615 ut
1294 2562 1350 2617 in
1400 2578 1566 2617 unam
1609 2567 1884 2618 civitatem
1911 2580 2113 2621 conve-

531 2652 688 2702 niani
716 2650 985 2722 episcopi.
1013 2652 1130 2709 Hoc
1153 2670 1284 2726 ergo
1307 2655 1485 2710 solum
1514 2658 1752 2711 innuunt
1780 2674 1951 2714 sacrae
1982 2675 2115 2730 syn-

530 2738 645 2804 odi,
687 2754 812 2794 cum
841 2756 900 2796 se
948 2753 1309 2815 congregatas
1344 2747 1541 2801 dicunt
1580 2748 1672 2802 Dei
1716 2750 1889 2819 gratia
1920 2760 1977 2804 et
2017 2752 2117 2804 im-

529 2841 847 2902 peratorum
929 2836 1176 2892 decreto.
1255 2838 1445 2909 Neque
1515 2842 1664 2897 enim
1732 2843 1924 2914 synodi
1995 2844 2120 2913 plus

534 2925 787 2980 tribuunt
815 2925 1243 2998 imperatoribus
1281 2946 1447 3002 quam
1483 2931 1851 3004 imperatores
1879 2935 2008 2991 sibi.

603 3221 761 3289 Quod
786 3236 970 3279 autem
995 3224 1212 3295 obiicis,
1243 3226 1462 3281 beatum
1490 3226 1731 3283 Leonem
1762 3244 1957 3300 papam
1983 3232 2119 3285 scri-

534 3314 715 3384 psisse
764 3315 1086 3384 imperatori
1140 3318 1478 3380 Theodosio.
1535 3329 1591 3375 et
1621 3321 1744 3375 loco
1792 3337 2002 3391 magnae
2041 3325 2116 3378 rei

536 3407 779 3476 petiisse,
820 3417 879 3462 ut
917 3408 1218 3478 imperator
1255 3420 1527 3466 annueret
1559 3412 1675 3466 fieri
1712 3413 1766 3469 in
1798 3415 1950 3470 Italia
1984 3433 2120 3487 syn-

537 3499 704 3553 odum
743 3502 1086 3569 generalem;
1139 3502 1308 3571 quod,
1346 3504 1459 3569 ais,
1499 3520 1610 3560 non
1662 3522 1785 3577 quae
1823 3508 2045 3565 sivisset
2072 3511 2118 3566 si

530 3592 674 3663 juris
704 3592 791 3646 sui
837 3591 1034 3648 fuisset
1082 3602 1345 3662 praestare
1380 3594 1511 3650 illud
1536 3633 1552 3662 ,
1597 3596 1715 3667 ipse
1745 3597 1855 3653 Leo
1881 3600 2123 3655 declarat

534 3686 765 3754 optime,
797 3694 854 3740 et
879 3686 1196 3740 instantiam
1243 3686 1406 3743 diluit
1443 3702 1544 3758 per
1573 3703 1637 3744 ea
1676 3704 1800 3760 quae
1830 3690 1885 3745 in
1926 3690 2119 3746 eadem

532 3778 769 3848 epistola
798 3779 1034 3834 scribit:
1077 3799 1095 3830 ι
1135 3779 1359 3835 Litteris
1389 3782 1699 3837 clementiae
1732 3792 1951 3849 vestrm,
1984 3800 2122 3856 quas
2154 3832 2169 3839 ε

534 3873 741 3928 dudum
769 3873 837 3928 ad
872 3871 1019 3929 beati
1043 3873 1191 3929 Petri
1220 3872 1454 3944 apostoli
1480 3873 1668 3929 sedem
1704 3890 1803 3946 pro
1834 3877 2122 3932 catholicae

536 3965 664 4021 tidei
707 3981 895 4021 amore
934 3966 1195 4033 misistis,
1232 3976 1439 4023 tantam
1493 3968 1749 4024 fiduciam
1782 3970 2123 4040 sumpsimus

532 4059 895 4116 defendendas
953 4075 1052 4132 per
1080 4075 1179 4116 vos
1228 4062 1480 4116 veritatis
1519 4071 1575 4117 et
1605 4064 1777 4133 pacis.
1812 4080 1831 4114 ι
1869 4063 2118 4118 Deinde:

539 4168 567 4202 ι
597 4150 1153 4222 Comperimus‘enim
1186 4168 1295 4208 non
1342 4153 1554 4210 incerto
1595 4155 1791 4210 nuntio
1815 4194 1831 4219 ,
1861 4155 1957 4211 sed
1990 4155 2126 4210 tide-

534 4246 749 4301 lissimo
795 4261 983 4301 rerum
1030 4261 1153 4316 qua:
1199 4257 1367 4317 gestae
1404 4256 1535 4302 sunt
1587 4257 1906 4312 narratore,
1934 4249 2123 4305 Hilam

534 4337 769 4392 diacono
819 4347 1045 4404 nostro,
1081 4338 1412 4394 convenisse
1445 4338 1513 4392 ad
1548 4340 1818 4411 synodum
1854 4340 2124 4408 plurimos

538 4431 892 4494 sacerdotes:
950 4444 1191 4500 quorum
1246 4430 1440 4500 utique
1479 4430 1791 4501 frequentia
1843 4432 2124 4487 consulta-

2294 2378 2527 2439 Βλέπεις
2565 2372 2656 2431 οἷα
2686 2376 2994 2448 γράφουσιν
3023 2379 3071 2429 oi
3101 2375 3200 2446 τὴν
3230 2377 3496 2446 τετάρτην
3521 2373 3799 2444 συναθροί-

2224 2486 2417 2533 σαντες
2460 2468 2723 2534 σύνοδονς
2771 2467 3375 2537 Συγκροτηθησομένην
3426 2467 3524 2537 τὴν
3585 2466 3799 2519 σύνοδον

2224 2561 2613 2623 αύθεντοῦντος
2646 2560 2740 2614 τοῦ
2766 2562 2989 2622 πάππα.
3048 2561 3143 2612 καὶ
3180 2560 3424 2628 σημᾶναι
3482 2555 3802 2621 καταξιοῦν-

2221 2672 2334 2722 τος,
2366 2655 2514 2719 ὅπως
2546 2656 2623 2717 εἰς
2657 2654 2792 2723 μίαν
2821 2651 3423 2718 πόλιν,παραγένωνται
3468 2649 3518 2703 οἱ
3579 2650 3802 2702 ἐπίσκο-

2219 2765 2333 2802 ποι.
2366 2746 2524 2801 Τοῦτ’
2556 2747 2666 2817 ἄρα
2696 2746 2793 2799 καὶ
2845 2747 3005 2814 μόνον
3036 2743 3322 2815 βούλονται
3362 2744 3416 2796 αἱ
3443 2743 3599 2811 ἆγιαι
3643 2742 3801 2794 σύνο-

2218 2842 2318 2907 δοι,
2348 2844 2491 2896 κατὰ
2520 2841 2657 2896 Θεοῦ
2678 2842 2841 2912 χάριν
2867 2840 3066 2903 ἑαυτάς
3118 2840 3215 2892 καὶ
3244 2836 3527 2904 θέσπισμα
3590 2833 3802 2904 βασιλί-

2220 2938 2318 2993 κὸν
2342 2936 2809 3008 συναθροισθῆναι
2839 2932 3287 3003 διαγορεύουσαι·
3326 2931 3388 2984 ού
3422 2931 3528 3001 γὰρ
3551 2929 3615 2999 δὴ
3637 2926 3799 2982 πλέον

2227 3031 2602 3099 ἀπονέμουσιν
2634 3029 2692 3080 αἱ
2724 3027 2935 3082 σύνοίοι
2988 3027 3103 3088 τοῖς
3163 3022 3498 3094 βασιλεῦσιν,
3558 3020 3589 3090 ἢ
3643 3020 3802 3073 αὐτοὶ

2148 3140 2192 3198 c
2226 3123 2412 3177 ἑαυτοῖ
2429 3143 2437 3149 ·
2462 3123 2512 3175 οἱ
2555 3120 2817 3192 βασιλεῖς.

2296 3213 2365 3268 ’⁸0
2391 3213 2448 3267 δὲ
2467 3214 2669 3281 λέγεις,
2706 3212 2790 3266 ὅτι
2824 3212 2978 3265 Λέων
3012 3212 3040 3263 ό
3075 3209 3351 3281 μακάριος
3410 3208 3640 3270 πάππας
3671 3207 3804 3259 Θεο-

2220 3308 2384 3378 δοσίῳ
2423 3307 2501 3378 τῷ
2539 3306 2753 3387 βασιλεί
2780 3308 3031 3377 γράφων.
3076 3305 3202 3359 άντὶ
3237 3304 3475 3374 μεγάλου
3522 3303 3665 3367 τινὸς
3718 3306 3806 3357 αἱ·-

2223 3403 2394 3454 τεῖται
2425 3399 2759 3454 κατανεῦσαι
2788 3402 2880 3453 τδν
2909 3396 3137 3468 βασιλέα
3172 3398 3396 3469 γενικὴν
3425 3396 3807 3484 συγκρυτηθιῖ-

2226 3512 2312 3547 ναι
2345 3493 2564 3547 σύνοδον
2592 3495 2649 3547 ἐν
2670 3491 2897 3563 Ἰταλίᾳ,
2956 3492 3052 3544 καὶ
3079 3491 3163 3544 ὅτι
3191 3490 3291 3543 οὐκ
3324 3489 3391 3543 ἂν
3436 3489 3619 3557 ἐζήτει
3665 3490 3807 3559 ὅπερ

2225 3588 2321 3640 σὺν
2343 3586 2420 3656 τῷ
2452 3586 2647 3655 δικαίῳ
2678 3585 2916 3654 ἔφθασεν
2955 3582 3118 3656 ἔχων
3160 3583 3324 3647 αὐτὸς
3357 3583 3386 3637 ὁ
3419 3584 3572 3637 Λέων
3600 3581 3803 3653 ἄριστα

2223 3678 2500 3747 διασαφεῖ,
2537 3678 2634 3731 καὶ
2664 3677 2784 3732 λύει
2811 3676 2911 3744 τὴν
2968 3676 3222 3732 ἔνστασιν
3254 3680 3312 3731 ἐν
3344 3673 3423 3740 οἷς
3449 3675 3647 3746 γράφει
3679 3676 3809 3729 κατ’

2196 3773 2396 3844 ἀὐτὴν
2421 3772 2641 3842 εκείνην
2659 3771 2760 3840 τὴν
2793 3771 3108 3843 ἐπιστολήν·
3142 3790 3162 3823 ι
3188 3771 3314 3836 Τοῖς
3360 3772 3657 3842 γράμμασι
3702 3769 3807 3838 τῆς

2226 3867 2503 3937 ὑμετέρας
2527 3856 2953 3936 φιλανθρωπίας
2979 3865 3323 3935 ἐντυχόντες,
3347 3862 3384 3920 ἃ
3402 3865 3603 3936 πρώτῳ
3631 3864 3811 3917 ὲστείυ

2222 3961 2352 4015 λατε
2383 3960 2480 4014 τοῦ
2508 3959 2786 4031 μακαρίου
2821 3957 3125 4013 ἀποστόλου
3158 3961 3368 4029 Πέτρου
3423 3958 3501 4028 τῷ
3528 3957 3705 4029 θρόνῳ
3736 3957 3808 4010 ἐκ

2224 4054 2323 4125 τῆς
2359 4052 2498 4124 πρὸς
2527 4055 2629 4121 τὴν
2649 4050 2952 4121 καθολικὴν
2984 4051 3172 4104 πίστιν
3226 4050 3547 4116 διαθέσεως,
3610 4046 3811 4104 τοσαύ-

2225 4162 2328 4216 την
2359 4144 2630 4216 ὲλάϐομεν
2665 4143 2998 4214 πεποίθησιν
3026 4142 3120 4197 τοῦ
3156 4141 3517 4214 ἐκδικηθῆναι
3552 4141 3623 4196 δι’
3650 4142 3811 4214 ὑμῶν

2227 4239 2328 4308 τὴν
2363 4240 2628 4311 ἀλήθειαν
2659 4237 2757 4293 καὶ
2780 4238 2880 4310 τὴν
2909 4238 3191 4309 εἰρήνην.)
3243 4233 3401 4292 Εἶτα·
3456 4255 3475 4289 ι
3518 4225 3811 4307 Ἐγνωμεν

2227 4331 2336 4401 γὰρ
2363 4330 2778 4402 διηγησαμένου
2809 4330 3111 4384 πιστότατα
3144 4330 3273 4399 ὑμῖν
3313 4329 3522 4401 Ὶλάρου
3556 4328 3648 4382 τοῦ
3672 4332 3813 4400 ἡμε-
3896 4320 3903 4327 ’

2226 4426 2392 4496 τέρου
2426 4423 2680 4478 διακόνου
2715 4422 3010 4487 πλείστους
3056 4423 3227 4493 ίερετς
3260 4423 3540 4476 συνελθεῖν
3573 4422 3654 4486 είς
3707 4421 3813 4492 τὴν

539 4520 677 4576 ιίοιιί
711 4529 767 4576 ct
786 4520 997 4592 judicio
1029 4520 1347 4592 profuisset,
1367 4523 1412 4577 si
1436 4522 1483 4579 is
1510 4523 1604 4593 qui
1629 4523 1735 4578 sibi
1759 4524 1941 4580 locum
1969 4526 2117 4595 prin-

2234 4516 2472 4580 σύνοδον,
2507 4511 2583 4571 ὧν
2605 4516 2640 4585 ἡ
2672 4514 2888 4587 πληθὺς
2922 4515 3140 4584 ἐγένετο
3166 4514 3231 4567 ἂν
3254 4513 3364 4584 πρὸ
3395 4513 3560 4585 ἔργου
3582 4515 3646 4584 τῇ
3674 4531 3813 4585 συμ-

536 4614 717 4679 eipcm
747 4611 1087 4681 vindicabat,
1123 4615 1525 4672 sacerdotalem
1558 4616 1996 4672 moderationem
2028 4633 2125 4673 cu-

538 4708 748 4764 stodire
776 4708 1065 4765 voluisset.
1107 4728 1127 4762 ι

610 4894 883 4966 Loquitur
929 4906 1112 4953 autem
1153 4894 1395 4968 pontifex
1446 4895 1515 4951 de
1567 4895 1853 4962 Dioscoro,
1879 4898 1973 4969 qui
2015 4897 2123 4956 sibi

536 4990 718 5045 locum
750 4990 1057 5061 principem
1110 4989 1511 5056 vindicaverat,
1556 4992 1820 5062 quoniam
1847 4993 1916 5048 ab
1948 4994 2125 5064 impe-

536 5094 720 5139 ratore
748 5082 1060 5139 Theodosio
1095 5084 1392 5155 primatum
1449 5094 1504 5139 et
1543 5087 1929 5142 auctoritatem
1963 5101 2125 5144 acce-

536 5185 693 5247 perat
727 5176 779 5231 iu
811 5176 1050 5231 secunda
1081 5175 1293 5246 synodo
1333 5175 1616 5245 ,Ephesina
1640 5218 1654 5239 ,
1691 5189 1749 5232 ut
1782 5188 2000 5234 constat
2054 5195 2122 5234 ex

536 5267 709 5337 prima
760 5268 978 5321 actione
1025 5264 1512 5324 Chalcedonensis.
1550 5268 1669 5326 Hoc
1721 5270 1887 5339 igitur
1937 5285 2128 5339 repre-

538 5359 789 5415 hendens
826 5375 963 5429 papa
997 5369 1053 5415 et
1087 5359 1140 5413 in
1176 5358 1377 5415 litteris
1407 5362 1473 5416 ad
1508 5362 1852 5416 Pnlcheriam
1886 5370 1938 5414 ct
1963 5362 2123 5426 alios,

539 5452 981 5510 manifestissime
997 5453 1257 5519 ostendit,
1277 5455 1422 5524 quod
1438 5456 1482 5509 si
1505 5470 1708 5510 munus
1728 5457 2126 5524 imperatorum

536 5556 683 5601 esset
728 5560 1064 5617 congregare
1108 5546 1350 5616 synodos
1379 5586 1392 5609 ,
1436 5546 1685 5616 ipsorum
1715 5560 1937 5617 quoque
1973 5555 2128 5602 esset

537 5638 668 5694 dare
695 5640 877 5694 locum
918 5639 1219 5709 principem
1254 5638 1309 5693 in
1338 5639 1406 5692 iis
1442 5639 1532 5692 cui
1563 5637 1788 5692 vellent.
1821 5638 1985 5710 Atqui
2014 5638 2127 5695 Leo

542 5749 676 5802 papa
706 5734 811 5787 hoc
846 5734 1227 5803 reprehendit,
1256 5741 1312 5786 et
1346 5731 1667 5787 Dioscorum
1703 5732 1782 5787 ait
1811 5732 2126 5788 vindicasse

540 5820 643 5877 sibi
676 5819 982 5893 principem
1011 5824 1217 5889 locum,
1244 5822 1499 5895 quamvis
1532 5823 1628 5880 ille
1655 5821 1762 5878 boc
1786 5823 1857 5879 ab
1890 5823 2124 5895 impera-

2228 4608 2419 4680 ϐουλίᾳ
2460 4608 2554 4662 καὶ
2585 4609 2652 4679 τῇ
2684 4609 2891 4678 κρίσει,
2949 4607 3111 4679 εῐπερ
3166 4604 3458 4678 ἱερατικὴν
3504 4605 3812 4660 ιπιείκειαν

2235 4702 2477 4773 φυλάξαι
2530 4701 2801 4772 ἠθέλησεν
2857 4702 3109 4766 ἐκεῖνος,
3189 4701 3343 4765 ὅστις
3404 4699 3584 4771 ἑαυτῷ
3641 4700 3812 4753 τόπον

2226 4796 2549 4867 ἐξάρχοντος
2573 4794 2825 4860 ὲξεδίκει.
2858 4812 2877 4846 ι

2298 4889 2465 4957 Λέγει
2496 4888 2554 4942 δὲ
2587 4890 2719 4959 περὶ
2750 4887 3048 4958 Διοσκόρου
3069 4886 3098 4940 ὁ
3129 4886 3380 4954 πάππας,
3417 4887 3582 4940 τόπον
3612 4886 3809 4958 ἄρχονο

2228 5000 2320 5046 τος
2349 4981 2525 5052 ἑαυτῷ
2559 4981 2952 5053 ἐκδικήσαντος
2984 4980 3072 5035 διὰ
3101 4981 3165 5033 τὸ
3198 4985 3348 5051 παρὰ
3405 4980 3686 5034 Θεοδοσίου
3714 4978 3811 5033 τοῦ

2231 5079 2502 5149 βασιλέως
2532 5078 2631 5148 τὴν
2664 5078 2957 5131 αύθεντίαν
3009 5076 3105 5130 καὶ
3134 5075 3203 5131 τά
3228 5078 3472 5147 πρωτεῖα
3503 5076 3599 5145 τῆς
3630 5075 3812 5128 δευτέ-

2232 5189 2333 5242 ρας
2359 5173 2417 5222 ὲν
2449 5170 2662 5240 Ἐφέσῳ
2684 5168 2966 5240 εἰληφέναι
2987 5166 3227 5233 συνόδου,
3261 5167 3335 5230 ὡς
3365 5166 3523 5236 δῆλον
3551 5169 3615 5219 ἐκ
3638 5168 3731 5238 τῆς
3760 5167 3809 5219 α’

2229 5265 2485 5335 πράξεως
2498 5264 2599 5334 τῆς
2623 5265 2894 5333 τετάρτης
2908 5262 3154 5317 συνόδου.
3174 5261 3345 5316 Τοῦτο
3362 5261 3495 5329 γοῦν
3523 5280 3590 5330 με
3599 5264 3809 5332 periits-

2231 5376 2320 5420 νος
2346 5360 2374 5410 ό
2406 5358 2636 5418 πάππας
2661 5354 2923 5417 ἐνταῦθα,
2955 5354 3049 5407 καὶ
3080 5356 3139 5407 ὲν
3166 5356 3279 5417 τοῖς
3303 5357 3436 5424 πρὸς
3472 5354 3806 5427 Πουλχερίαν

2231 5453 2549 5521 γράμμασι,
2569 5452 2662 5503 καὶ
2688 5451 2913 5518 ἑτέρους
2945 5450 3264 5517 σαφέστατα
3318 5449 3614 5514 δείκνυσιν,
3641 5451 3723 5503 ὃτι
3758 5451 3805 5502 εί

2234 5545 2502 5614 βασιλέων
2546 5539 2616 5614 ἦν
2670 5543 2731 5596 τὸ
2781 5543 3039 5611 συνάγειν
3094 5544 3194 5607 τὰς
3229 5543 3502 5607 συνόδους,
3543 5542 3805 5614 βασιλέων

2230 5640 2297 5692 ἄν
2342 5634 2411 5707 ἦν
2463 5636 2557 5690 καὶ
2617 5635 2676 5688 τὸ
2724 5635 2908 5689 δοῦναι
2973 5634 3073 5705 τὴν
3130 5635 3421 5689 αὐθεντίαν
3468 5634 3578 5688 τῶν
3650 5636 3802 5688 συνό-

2229 5733 2337 5787 δων
2374 5732 2470 5784 καὶ
2526 5730 2595 5782 τὰ
2646 5729 2895 5796 πρωτεῖα
2948 5724 3031 5791 οἷς
3066 5726 3132 5781 ἂν
3176 5727 3474 5797 βούλοιντο.
3509 5726 3669 5781 nam
3697 5725 3802 5795 μὴν

2230 5823 2393 5879 τοῦτο
2449 5821 2727 5893 μέμφεται
2777 5821 2806 5874 ὁ
2840 5819 3109 5890 μακάριος
3154 5821 3328 5887 Λέων,
3383 5820 3465 5874 ὅτι
3512 5819 3798 5892 Διόσκορος
