4048 6472
219 337 319 402 865
374 335 379 341 ’

1526 349 1963 410 REFUTATiO
2006 350 2182 411 NiLl.

3360 362 3465 425 865

219 446 515 511 Πλακιδίας
549 449 682 520 πρὸς
712 450 1015 515 Θεοδόσιον,
1053 455 1260 508 ἐκεῖνον
1300 456 1444 525 ἔχειν
1472 460 1560 511 τὸν
1598 463 1780 531 θρόνον

1895 471 2007 513 mm
2066 465 2415 534 episcopatus
2464 467 2736 524 ordinavit
2786 471 2879 541 qui
2927 472 3182 528 ctelcstes
3212 488 3465 545 accipere

216 542 242 592 δ
274 540 505 604 πάππσς
533 542 949 611 ἀναγορεύεται,
978 548 1034 597 ἐν
1057 539 1099 614 ᾧ
1125 548 1183 598 ab
1215 554 1481 618 πρωτεῖον
1533 554 1633 617 τῆς
1666 556 1785 607 ἐπι-

215 631 479 697 σκοπικῆς
516 631 672 695 ἀξίας
694 634 1026 701 καθίδρυσεν
1086 640 1113 689 ό
1166 640 1265 700 τὰς
1321 640 1468 704 κλεῖς
1525 643 1785 707 δέξασθαι

213 723 304 782 τὰς
327 722 619 790 οὗρανῖους
658 723 932 789 ἀξιωθείς.

289 829 351 885 Ἦ
395 831 448 896 ς’
478 835 714 899 σύνοδος,
748 832 816 908 ἦς
850 857 1016 908 φασιν
1044 845 1093 895 οἱ
1139 844 1385 915 Πατέρες
1416 849 1473 898 ἐν
1499 848 1575 916 τῷ
1615 867 1786 919 προσ-

215 924 503 994 φωνητικῷ
535 927 667 995 πρὸς
694 929 785 981 τὸν
833 930 1058 1000 βασιλέα
1092 935 1523 991 Κωνσταντῐνον
1567 958 1587 988 ι
1635 941 1694 995 '0
1730 943 1786 994 δὲ

212 1018 637 1086 κορυφαιότατος
673 1020 805 1089 ἡμῖν
852 1026 1254 1093 συνηγωνίζετο
1307 1030 1784 1097 πρωταπόστο).ος⁶

212 1109 293 1160 τὸν
328 1110 431 1179 γὰρ
465 1110 674 1163 ἐκείνου
704 1114 971 1184 μιμητὴν,
1030 1118 1124 1170 καὶ
1153 1119 1251 1188 τῆς
1292 1120 1561 1193 καθέδρας
1609 1122 1786 1179 διάδο-

212 1218 300 1270 χον
347 1203 572 1272 εἴχομεν
603 1205 992 1275 ὑπαλλφοντα.
1024 1229 1041 1260 ι

278 1319 340 1371 Εἰ
376 1319 508 1387 γοῦν
561 1320 807 1393 διάδοχος
852 1323 947 1378 τοῦ
1008 1327 1218 1396 Πέτρου
1284 1329 1314 1381 ό
1367 1327 1622 1394 πάπποις,
1688 1331 1783 1382 καὶ

212 1413 449 1473 τοιοῦτος
507 1413 774 1484 διάδοχος,
829 1412 942 1471 οἷον
1002 1421 1060 1472 αι
1120 1421 1505 1491 οἰκουμενικαὶ
1570 1422 1781 1476 σύνοδοι

212 1503 715 1574 προσμαρτυροῦσι,
786 1508 885 1578 τὴν
929 1509 1103 1581 αὐτὴν
1173 1511 1379 1581 δηλαδὴ
1446 1513 1525 1584 τῷ
1585 1515 1782 1584 Πέτρῳ

204 1595 455 1658 ἐξουσίαν
490 1597 651 1667 ἔχων,
688 1599 764 1663 ὡς
791 1602 887 1653 καὶ
915 1605 974 1655 ἐν
997 1607 1065 1675 τῇ
1097 1604 1143 1672 β’
1175 1605 1379 1675 πράξει
1418 1606 1517 1675 τῆς
1550 1605 1596 1669 ζ’
1629 1607 1782 1659 συνό-

211 1687 292 1737 δου
324 1687 624 1759 διαρρήδην
684 1690 780 1761 βοᾷ
813 1692 1099 1760 Ἀδριανὸς
1148 1697 1178 1748 ὁ
1241 1698 1470 1760 πάπποις
1529 1699 1776 1766 γράφωνσ

1891 554 2072 608 claves
2114 556 2313 625 dignus
2346 557 2482 612 l'uit..

1960 844 2120 899 Sexta
2185 848 2447 917 synodus,
2494 850 2650 920 cujus
2715 852 2905 909 Patres
2942 854 2996 908 in
3030 854 3467 925 Prospltouetito

1888 933 1954 987 ad
2021 933 2442 993 Constantinum
2491 942 2898 1011 imperatorem,
2968 966 2984 998 ι
3024 948 3323 1015 Summus,
3380 952 3469 1005 in-

1887 1026 2106 1093 quiunt,
2142 1029 2430 1084 nobiscum
2487 1036 2845 1091 cnncertabat
2898 1041 3274 1108 apostolorum
3308 1046 3465 1112 prin-

1886 1132 2016 1184 ceps
2047 1134 2062 1172 :
2101 1120 2247 1175 illius
2274 1126 2420 1177 enim
2454 1125 2786 1182 imitatorem
2819 1139 2875 1184 et
2902 1132 3054 1187 sedis
3082 1149 3460 1191 successorem

1886 1208 2226 1267 habebamus
2254 1215 2630 1286 inungentem.
2667 1240 2686 1273 ι

1958 1319 2014 1376 Si
2042 1339 2173 1393 ergo
2204 1324 2350 1380 Petri
2398 1344 2684 1387 successor
2733 1346 2817 1390 est
2852 1353 2986 1407 papa
3012 1382 3026 1406 ,
3059 1342 3293 1415 talisque
3330 1363 3459 1402 suc-

1885 1427 2072 1469 cessor
2098 1407 2314 1485 qualem
2334 1421 2613 1488 generalia
2630 1433 2913 1487 testantur
2936 1434 3189 1501 concilia,
3212 1440 3460 1494 eamdem

1884 1505 2098 1560 scilicet
2158 1524 2322 1578 quam
2381 1512 2578 1570 Petrus
2651 1521 3036 1576 auctoritatem
3107 1527 3360 1597 habens,
3407 1541 3469 1587 ut

1883 1600 2100 1655 actione
2124 1619 2159 1656 tl
2189 1607 2434 1673 septimae
2455 1611 2649 1679 synodi
2673 1612 2946 1670 Adrianus
2981 1634 3121 1687 papa
3152 1621 3468 1681 luculenter

1884 1693 2084 1747 asserit
2123 1695 2177 1749 in
2217 1696 2512 1755 litterislad
2568 1703 2969 1773 imperatores;
3006 1726 3130 1775 nam
3167 1716 3280 1780 ipse
3314 1719 3466 1786 priu-

212 1779 363 1842 αὐτὸς
406 1781 517 1849 γὰρ
551 1784 579 1835 ὀ
611 1781 837 1855 ἔξαρχος
891 1785 1003 1840 τῶν
1060 1788 1397 1857 ἀποστόλων,
1448 1790 1477 1843 ὁ
1513 1793 1780 1861 μακάριος

1888 1797 2017 1852 ceps
2071 1788 2443 1855 apostolorum
2511 1794 2698 1851 beatus
2728 1797 2942 1861 Petrus,
3001 1802 3094 1871 qui
3145 1779 3460 1874 apostolicae

211 1870 431 1940 Πέτρος,
465 1876 493 1926 ό
517 1875 734 1943 πρῶτος
778 1877 875 1947 τῆς
904 1879 1271 1949 άποστολικῆς
1292 1882 1578 1953 ,καθέδρας
1613 1900 1780 1955 προε-

207 1961 256 2031 δι
272 1962 452 2028 ξύσας,
492 1968 596 2035 τῆς
646 1968 1017 2038 ἀποστολικῆς
1074 1971 1243 2025 αὐτοῦ
1283 1973 1439 2039 ἀξίας
1473 1974 1573 2044 τὴν
1615 1977 1783 2048 ἀκρό-

207 2073 335 2127 τητα
361 2058 459 2110 καὶ
492 2062 861 2131 ποιμαντικῆς
888 2063 1172 2133 φροντίδος
1205 2066 1474 2119 κατέλιπε
1507 2068 1620 2128 τοῖς
1648 2068 1781 2121 ἐαυ-

206 2149 293 2203 τοῦ
329 2150 622 2219 διαδόχοις,
652 2153 853 2221 οἵτινες
883 2156 978 2208 ἐπὶ
998 2154 1094 2208 τοῦ
1136 2157 1433 2227 ἱερωτάτου
1467 2159 1632 2213 αὑτοῦ
1656 2159 1781 2230 θρό-

208 2260 292 2296 νου
314 2245 396 2304 εἰς
423 2243 483 2295 τὸ
504 2244 755 2314 διηνεκὲς
789 2245 1168 2300 καθεδοῦνταν
1213 2244 1293 2311 οἷς
1354 2251 1451 2303 καὶ
1499 2251 1597 2322 τὴν
1630 2252 1781 2316 ὲξουυ

211 2332 592 2400 σίανρκαθὼς
650 2338 800 2406 αὐτῷ
861 2341 1015 2409 παρὰ
1051 2339 1162 2406 τοῦ,
1212 2340 1471 2411 Σωτῆρος
1516 2343 1777 2397 δεσπότου

206 2426 331 2479 Θεοῦ
370 2427 551 2497 ἐδόθη,
589 2432 681 2481 καὶ
722 2431 884 2491 αὐτὸς
914 2433 1025 2493 τοίς
1058 2432 1325 2502 διαδόχοις
1374 2434 1543 2488 αὐτοῦ
1592 2437 1781 2506 ἀρχιε-

210 2520 389 2587 ρεῦσιν
424 2518 547 2590 θείᾳ
621 2521 915 2592 προστάξει
974 2522 1262 2591 παρέδωκε
1316 2526 1414 2578 καὶ
1459 2531 1781 2597 παρακατέ-

211 2611 344 2667 θετο·
370 2613 489 2677 πῶς
527 2614 734 2682 λέγεις,
763 2617 847 2668 ὅτι
879 2617 968 2670 άλ)
982 2634 1056 2681 ως
1082 2614 1193 2688 εἶχε
1222 2617 1319 2682 τὴν
1349 2619 1597 2686 ἐξουσίαν
1625 2622 1654 2674 ό
1680 2622 1782 2675 Πέ-

208 2722 345 2773 τρος,
392 2707 490 2759 καὶ
526 2704 699 2767 ἄλλως
733 2709 759 2760 ό
790 2712 1054 2773 πάπποις,
1115 2711 1321 2772 ἐκεῖνος
1374 2711 1584 2776 ἁπλῶς,
1626 2706 1783 2779 οὗτος

210 2790 299 2868 οὐχ
318 2797 532 2864 ἁπλῶς,
566 2798 674 2850 τῶν
737 2800 973 2854 συνόδων
1030 2803 1300 2855 τάναντία
1352 2804 1781 2873 διδασκουσῶνς

211 2890 313 2944 Καὶ
337 2890 431 2944 διὰ
466 2891 621 2944 τοῦτο
654 2892 828 2961 μέγας
856 2896 882 2946 ὁ
914 2891 1137 2963 Ῥώμης
1172 2894 1380 2961 θρόνος,
1411 2896 1496 2950 ὅτι
1540 2897 1780 2951 καταλύ-

210 2999 299 3046 σας
329 2984 452 3036 ἐκεῖ
473 2983 565 3035 τὸν
590 2982 706 3053 βῖον
728 2987 756 3038 ό
786 2985 1013 3054 Πέτρος,
1073 2986 1317 3057 διάδοχον
1352 2989 1782 3060 ἰσοδυναμοῦντα

1883 1876 2000 1930 sedi
2034 1879 2287 1948 primitus
2340 1887 2612 1952 praesedit,
2657 1889 2738 1943 sui
2783 1895 3127 1959 apostolatus
3179 1898 3460 1968 principa-

1887 1975 1974 2023 tus
2010 1985 2075 2025 ac
2108 1975 2397 2041 pastoralis
2429 1991 2577 2033 curae
2621 1984 3039 2040 successoribus
3077 1987 3215 2050 suis.
3259 1992 3352 2058 qui
3400 1992 3455 2045 in

1882 2061 2002 2131 ejus
2027 2066 2401 2122 sacratissima
2429 2070 2558 2124 sede
2586 2077 2909 2140 perenniter
2948 2080 3156 2133 sessuri
3185 2091 3331 2146 sunt,
3362 2084 3463 2138 de-

1885 2156 2138 2225 reliquit;
2173 2160 2372 2229 quibus
2421 2172 2479 2217 et
2526 2166 2868 2222 auctoritatis
2899 2180 3242 2238 potestatem,
3271 2191 3464 2245 quem-

1882 2248 2175 2304 admodum
2209 2268 2237 2305 a
2294 2252 2576 2310 Sait-atore
2614 2270 2803 2315 nostro
2846 2261 3073 2318 Domino
3110 2266 3222 2322 Deo
3247 2270 3295 2324 ci
3324 2285 3458 2325 con-

1881 2355 2036 2397 cessa
2066 2352 2172 2408 est,
2207 2354 2264 2399 et
2309 2346 2423 2415 ipse
2453 2364 2674 2420 quoque
2719 2354 2836 2409 suis
2872 2357 3106 2413 contulit
3131 2374 3196 2414 ac
3227 2362 3458 2418 tradidit

1881 2433 2073 2488 divino
2121 2437 2281 2504 jussu
2345 2443 2760 2500 successoribus
2819 2449 3205 2518 pontiﬁcibus;
3247 2470 3347 2511 eur
3401 2469 3456 2512 tu

1881 2526 2044 2590 dicis,
2107 2538 2460 2597 potestatem,
2523 2535 2640 2590 sive
2699 2539 2930 2607 gratiam
2970 2541 3134 2596 aliter
3183 2545 3238 2600 in
3272 2546 3459 2612 Petro,

1883 2616 2045 2672 aliter
2070 2634 2189 2675 esse
2222 2620 2276 2675 in
2306 2626 2761 2695 successoribus;
2810 2630 2866 2685 in
2901 2631 2995 2687 illo
3023 2635 3370 2706 simpliciter,
3400 2642 3457 2698 in

1884 2709 1972 2764 his
1992 2726 2100 2766 non
2129 2711 2470 2782 simpliciter,
2497 2731 2624 2772 cum
2655 2721 2848 2791 synodi
2881 2728 3156 2783 contraria
3184 2730 3461 2789 doceant?

1883 2799 2072 2871 Magna
2106 2802 2272 2874 igitur
2322 2807 2482 2862 sedes
2535 2808 2755 2878 Bonam,
2786 2814 2911 2884 quia
2942 2814 3139 2874 Petrus
3178 2821 3294 2877 illic
3344 2825 3459 2880 vita

1885 2891 2106 2949 functus
2157 2912 2533 2954 successorem
2602 2904 2798 2972 aequali
2859 2916 3130 2977 potestate
3170 2915 3457 2982 praeditum

1884 2981 2111 3052 reliquit
2172 3000 2389 3055 papam.
2460 2988 2532 3044 At
2582 2990 3112 3066 Hierosolymitanus
3169 2981 3278 3058 non
3343 3007 3454 3063 ita:

207 3075 295 3128 τδν
325 3077 563 3131 πάππαν
594 3077 906 3133 κατέλιπεν.
950 3079 1011 3131 ’0
1036 3077 1091 3131 δὲ
1116 3079 1223 3132 τῶν
1267 3078 1659 3151 Ἱεροσολύμων
1682 3082 1780 3154 οὐχ

1890 3083 2098 3129 tantum
2134 3079 2279 3131 enim
2334 3080 2489 3136 abest
2541 3092 2600 3137 ut
2631 3095 2857 3157 prepter
2889 3090 3186 3150 Salvatoris
3222 3109 3455 3156 mortem

207 3163 397 3231 οὕτως·
426 3168 679 3221 τοσοῦτον
708 3169 819 3239 γὰρ
853 3172 1048 3241 ἀπεῖχε
1087 3169 1180 3224 τοῦ
1224 3171 1459 3240 ’πρῶτος
1514 3168 1656 3226 εἶναι
1691 3172 1780 3225 διὰ

1889 3168 2122 3234 primatu
2140 3172 2393 3240 gaudeat,
2411 3183 2470 3228 ut
2494 3176 2660 3233 etiam
2694 3180 2902 3238 honore
2930 3197 3124 3243 auctus
3151 3191 3464 3264 subjaceret

207 3259 291 3313 τὸν
322 3261 446 3314 ἐκεῖ
472 3260 702 3314 θάνατον
733 3261 826 3314 τοῦ
856 3262 1130 3334 Σωτῆρος,
1198 3261 1342 3315 ὥστε
1381 3263 1477 3316 καὶ
1504 3266 1779 3334 τιμηθεὶς,

211 3349 464 3403 ὑπέκειτο
492 3354 558 3421 τῇ
621 3352 957 3420 Καισαρείας
1014 3351 1374 3421 μητροπόλει,
1420 3351 1495 3414 ὦς
1533 3368 1700 3423 φησιν
1749 3353 1781 3422 ἡ

208 3446 253 3494 α’
288 3442 512 3505 σύνοδος
561 3446 618 3497 ὲν
652 3445 728 3514 τῷ
759 3445 803 3509 ζ’
832 3443 1042 3496 κανόνι’
1093 3443 1214 3497 οὐδὲ
1243 3447 1349 3514 γὰρ
1380 3444 1494 3515 ἔχει
1527 3445 1783 3517 δ.αδοχην

205 3534 235 3602 ἡ
270 3534 362 3589 τοῦ
395 3532 634 3603 Χριστοῦ
661 3534 953 3605 ἱερωσύνη.

833 3692 1105 3749 ΝΕΙΛΟΣ.

276 3848 295 3880 ι
328 3826 471 3885 Εἰ,δέ
507 3844 565 3880 σε
597 3826 821 3896 θορυϐεῖ
873 3828 935 3882 τὸ
958 3827 1057 3894 τῆς
1082 3827 1249 3897 τιμῆς
1277 3827 1532 3897 μέγεθος,
1568 3826 1597 3881 δ
1631 3829 1784 3899 παρὰ

204 3920 305 3972 τῶν
333 3919 632 3990 μακαρίων
667 3919 926 3990 Πατέρων
953 3921 981 3971 ὁ
1012 3921 1112 3989 τῆς
1154 3917 1373 3990 Ῥώμης
1430 3920 1782 3990 ἐκληρώσατο

203 4011 410 4082 θρόνος,
444 4012 650 4078 τάξεως
686 4013 933 4081 φυλακὴν
960 4012 1021 4065 τὸ
1042 4011 1284 4066 τοιοῦτον
1311 4015 1490 4084 -ήγοῠ.
1533 4015 1694 4083 Μέγα
1723 4015 1781 4068 δὲ

172 4116 173 4119 ‘
204 4108 351 4177 παρὰ
371 4108 489 4168 τοῖς
518 4107 693 4173 ἁγίοις
719 4108 752 4177 ἡ
784 4106 960 4171 τάξις,
993 4104 1028 4176 ἡ
1060 4104 1159 4158 καὶ
1189 4106 1258 4158 τά
1303 4107 1534 4178 οὐράνια
1565 4108 1780 4177 συνέχει

202 4199 294 4250 καὶ
317 4198 389 4251 τὰ
420 4196 666 4266 ἐπίγεια.
702 4215 721 4248 ι

784 4355 1220 4409 ΑΝΤΙΡΡΗΣῑΣ.

1886 3259 2208 3318 Caesariensi
2231 3269 2542 3337 metropoli,
2564 3281 2619 3324 ut
2645 3274 2880 3341 septimo
2914 3293 3017 3332 suo
3043 3295 3254 3337 canone
3283 3285 3460 3355 prima

1887 3354 2131 3422 synodus
2155 3358 2234 3412 ait
2260 3378 2273 3412 ;
2300 3359 2503 3416 Christi
2539 3370 2686 3421 enim
2719 3370 3091 3428 sacerdotium
3123 3354 3331 3433 nullum
3366 3397 3465 3451 po-

1887 3455 1995 3503 test
2044 3448 2248 3507 habere
2286 3468 2687 3514 successorem.

2341 3694 2547 3753 NILUS
2578 3698 2733 3771 (Cap.
2773 3700 2985 3773 χχιιι).

1962 3840 1981 3873 ι
2021 3824 2081 3879 Si
2109 3841 2241 3880 vero
2272 3834 2324 3881 te
2348 3840 2657 3886 commovet
2679 3832 2912 3891 honoris
2941 3853 3092 3909 papae
3121 3844 3459 3908 magnitudo,

1882 3930 2044 3984 quam
2083 3933 2114 3971 a
2154 3917 2329 3973 beatis
2354 3917 2611 3974 Pattibus
2644 3921 2888 3980 Romana
2939 3929 3099 3987 sedes
3129 3931 3323 3989 sortita
3351 3947 3459 3999 est.

1882 4008 2088 4064 factum
2113 4010 2219 4068 hoc
2250 4022 2377 4082 puta
2408 4017 2660 4069 servandi
2685 4017 2896 4074 ordinis
2924 4023 3121 4092 gratia.
3149 4010 3325 4096 Magni
3356 4044 3459 4082 au-

1885 4107 1992 4153 tem
2027 4101 2085 4152 tit
2105 4116 2132 4151 ιι
2163 4101 2366 4155 sanctis
2394 4101 2647 4156 Patribus
2672 4103 2831 4174 ordo,
2860 4110 2951 4178 qui
2977 4122 3033 4166 et
3064 4114 3309 4170 coelestia
3332 4130 3468 4173 σκι-

1885 4191 2023 4246 tinet
2053 4199 2112 4247 et
2141 4195 2447 4250 terrestria.
2490 4216 2509 4249 ο

2434 4351 2896 4413 CONFUTATIO.

265 4493 557 4565 Πανταχοῦ
579 4492 725 4547 κατὰ
751 4492 852 4562 τῆς
886 4493 1064 4562 ἀρχῆς
1086 4493 1182 4545 τοῦ
1212 4494 1414 4590 πάππα
1450 4493 1780 4590 μηχανώμε-

1962 4506 2097 4560 Dum
2131 4522 2326 4564 omnes
2356 4511 2641 4570 machinas
2672 4514 2904 4573 adhibes
2928 4526 3118 4575 contra
3161 4520 3460 4590 primatum

198 4602 304 4651 νος,
327 4587 490 4658 παρὰ
512 4586 624 4640 τῶν
657 4584 946 4656 μακαρίων
985 4585 1245 4654 Πατέρων
1286 4584 1459 4655 αὐτὴν
1487 4583 1775 4653 κατάγεις·

198 4681 286 4731 καὶ
320 4679 397 4743 ὡς
461 4677 917 4747 ἀποδεδειγμένον
960 4676 1260 4749 λαμϐάνεις
1305 4677 1367 4730 τὸ
1428 4682 1511 4732 σοι
1561 4677 1776 4742 δοκοῦν,

196 4771 705 4842 ἀντιφθεγγομένας
748 4770 892 4840 ἔχων
922 4770 1021 4832 τὰς
1073 4769 1240 4837 ἁγίας
1296 4769 1566 4833 συνόδους,
1604 4764 1679 4823 ὧν
1713 4770 1778 4822 σὺ

196 4868 287 4920 καὶ
308 4868 360 4921 οἱ
392 4866 538 4920 κατὰ
570 4864 632 4917 σὲ
661 4864 777 4925 τοῖς
806 4863 1080 4933 θεμελίοις
1108 4860 1513 4931 ὲπερείδεσθαι,
1553 4862 1655 4915 οὐκ
1683 4858 1779 4915 οἶδ’

197 4958 366 5024 ὅπως,
412 4956 871 5028 μεγαληγορεῖτε.
922 4955 1082 5022 Παρὰ
1110 4955 1222 5006 τῶν
1250 4953 1516 5025 Πιτέρων
1541 4953 1675 5022 γοῦν
1698 4969 1782 5007 νε-

196 5049 594 5121 νομοθετῆσθαι
625 5046 805 5116 λέγων
826 5046 888 5100 τὸ
928 5045 1160 5114 μέγεθος
1194 5044 1295 5115 τῆς
1333 5043 1430 5099 τοῦ
1463 5045 1669 5099 πάππα
1698 5061 1779 5096 τι-

199 5144 328 5213 μῆς,
349 5142 564 5196 ἐκεῖθεν
583 5140 683 5195 καὶ
700 5141 802 5210 τὴν
829 5139 982 5206 τάξιν
1007 5138 1374 5207 γενεαλογσῐς.
1393 5131 1531 5192 Εἶτα
1547 5138 1661 5205 τοϊς
1680 5137 1779 5207 μεν

193 5233 472 5303 οὐρανίοις
501 5234 599 5287 καὶ
621 5231 888 5300 ὲπιγιίοις
912 5227 1069 5295 τάξιν
1087 5230 1387 5300 ἀπονέμεις
1415 5228 1779 5300 θεοφύτευτον

192 5326 291 5381 καὶ
319 5324 587 5397 φυσικὴν,
620 5327 688 5394 τῇ
733 5322 793 5376 δὲ
838 5322 1274 5393 ἀκκλησιαστικῇ
1317 5319 1572 5395 ίεραρχίᾳ
1626 5323 1780 5393 παρὰ

192 5419 305 5474 τῶν
323 5416 589 5491 Πατέρων
618 5415 1090 5486 οίκονομηθεϊσαν,
1113 5415 1210 5469 τοῦ
1230 5415 1482 5487 Σωτῆρος
1501 5417 1775 5485 λέγοντος·

197 5508 307 5562 Καὶ
345 5510 448 5563 ἐπὶ
511 5513 699 5579 ταύτῃ
743 5507 818 5577 τῇ
867 5505 1057 5575 πέτρᾳ
1101 5506 1481 5576 οἰκοδομήσω
1514 5524 1634 5577 μου
1661 5507 1780 5576 τὴν

204 5599 607 5666 Ἐκκλησίαν.
637 5598 1114 5669 Οἰκοδομήσαντος
1142 5596 1238 5650 οὖν
1279 5597 1377 5651 τοῦ
1404 5598 1643 5668 Χριστοῦ
1676 5602 1777 5669 τὴν

264 5784 307 5814 ⁸⁸
348 5777 548 5839 Matth.
580 5798 695 5847 3m,
723 5780 811 5844 l8.

1888 4612 2064 4668 papae,
2111 4615 2139 4651 a
2189 4600 2367 4658 beatis
2400 4603 2658 4661 Patribus
2708 4607 2911 4678 ubique
2941 4609 3094 4665 illum
3121 4611 3381 4679 deducis;
3407 4626 3465 4671 et

1890 4691 2046 4757 quasi
2068 4690 2504 4749 demonstratum
2526 4697 2729 4767 accipis
2748 4699 3008 4769 quoditibi
3024 4701 3225 4769 placet,
3240 4715 3465 4766 contta-

1889 4778 2201 4837 diceutibus
2225 4784 2321 4838 tibi
2352 4791 2522 4842 sacris
2556 4790 2844 4846 conciliis:
2871 4807 3110 4862 quorum
3141 4792 3465 4851 fundamen-

1889 4873 1959 4927 tis
1986 4873 2144 4928 inuiti
2166 4884 2221 4930 tu
2243 4878 2660 4946 tuiquesimilcs
2683 4883 2866 4936 nescio
2898 4899 3005 4953 qua
3030 4883 3461 4957 frontejactatis.

1961 4964 2146 5036 Itaque
2186 4983 2337 5037 papae
2363 4970 2793 5039 magnitudinem
2832 4988 2863 5028 a
2894 4975 3148 5033 Patribus
3176 4990 3462 5048 acceptam

1889 5060 2121 5126 ponens.
2154 5059 2283 5115 inde
2313 5059 2480 5115 etiam
2513 5062 2728 5117 ordinis
2760 5066 2963 5121 seriem
2996 5069 3236 5137 pendere
3268 5071 3369 5126 ais.
3397 5072 3464 5127 Et

1888 5148 2210 5203 calestibus
2232 5151 2453 5221 quidem
2498 5167 2563 5208 ac
2594 5156 2951 5213 terrestribus
2978 5159 3232 5215 ordinem
3267 5162 3464 5218 tribuis

1888 5254 1919 5292 a
1953 5238 2066 5293 Deo
2093 5241 2281 5294 datum
2322 5250 2378 5295 et
2403 5243 2730 5309 naturalem,
2768 5244 3097 5304 hierarcbite
3120 5265 3252 5304 vero
3278 5252 3461 5307 eccle-

1887 5329 2123 5386 siasticae
2147 5333 2397 5386 ordinem
2426 5350 2456 5389 a
2491 5336 2749 5391 Patribus
2796 5337 3157 5405 destinatum,
3184 5356 3311 5396 cum
3344 5341 3464 5398 Sal-

1885 5430 2043 5476 vator
2066 5423 2211 5478 dicat
2238 5441 2252 5479 :
2289 5423 2355 5479 Et
2380 5441 2541 5497 super
2572 5428 2708 5482 hanc
2736 5441 2942 5499 petram
2967 5429 3234 5499 aediﬁcabo
3274 5430 3464 5486 Eccle~

1885 5515 2024 5566 siam
2075 5530 2247 5570 meam
2297 5516 2362 5572 “.
2424 5517 2561 5573 Cum
2621 5533 2752 5592 ergo
2806 5520 3058 5576 (Ebrietas
3105 5520 3463 5578 aediﬁcaverit

1887 5605 2213 5675 Ecclesiam,
2237 5611 2614 5666 necessarium
2635 5620 2720 5667 cst
2749 5623 2809 5668 ut
2832 5614 2900 5668 ab
2923 5612 3117 5667 eodem
3141 5613 3210 5668 sit
3240 5612 3462 5670 aedilicii
