4048 6480
232 414 333 477 869

1520 409 1961 472 [{EFUTA'l‘lO
2006 409 2196 473 NlLI.

3373 411 3480 475 870

228 520 858 586 Κωνσταντινουπόλεως
915 521 1164 593 κεφαλὴν
1237 521 1670 588 ἰσοδυναμοῦσαν
1723 521 1800 590 τῷ

1913 530 2109 576 malum
2141 522 2430 576 colluvicm
2450 535 2637 576 secum
2669 521 2956 591 pertraxit.
2982 523 3051 580 Ut
3081 522 3228 578 enim
3264 524 3474 580 videre-

228 619 442 688 πάππα.
464 615 538 668 Τὸ
554 615 610 668 δέ
635 615 839 684 σχίσμα
865 612 1054 682 ὥσπερ
1077 613 1412 683 χειμάρρους
1430 612 1521 682 βίᾳ
1544 614 1802 683 ἐκραγεὶς

230 711 394 764 πολὺν
422 709 692 779 συρφετὸν
722 709 1012 775 δογμάτων
1039 707 1520 775 συνεφειλκύσατο.
1547 706 1665 760 ’Ὶνα
1694 707 1802 777 γὰρ

231 806 306 874 μὴ
337 803 647 874 παράλογον
693 803 821 873 δόξῃ
869 803 928 855 τὸ
965 801 1245 871 τόλμημα,
1299 801 1399 871 τὴν
1455 801 1802 870 καλουμένην

228 895 357 965 παρ’
385 895 539 964 ὑμῶν
586 897 643 946 ἐν
673 890 751 961 τῷ
797 891 1050 959 συμδόλῳ
1085 891 1402 958 προσθήκην
1447 889 1801 958 ἐπενθήσατε,

227 987 400 1058 ὁτιδὴ
429 988 652 1039 Λατῖνοι
701 984 759 1036 τὸ
804 984 955 1053 παρὰ
1004 984 1104 1051 τῆς
1153 987 1202 1050 γ’
1249 981 1484 1050 ὁρισθὲν,
1517 982 1592 1042 ὼς
1642 981 1799 1046 φατὲ,

232 1079 449 1132 συνόδου
496 1077 851 1145 παραεάντες
883 1074 1173 1143 γεγόνασιν
1211 1073 1313 1125 ὑπὸ
1344 1071 1612 1139 ἀνάθεμα.
1649 1073 1803 1124 Μετὰ

230 1169 397 1222 ταῦτα
427 1169 521 1218 καὶ
547 1167 680 1219 αὐτὸ
709 1151 772 1218 τδ
803 1164 1000 1232 δόγμα,
1051 1164 1150 1231 τὴν
1186 1162 1278 1214 καὶ
1319 1163 1383 1214 ἐκ
1413 1161 1506 1214 τοῦ
1553 1160 1682 1213 Υἱοῦ
1707 1163 1804 1212 ἐκ·

233 1260 492 1330 πόρευσιν
534 1256 628 1309 τοῦ
678 1255 946 1321 παναγίου
999 1253 1319 1320 Πνεύματος
1364 1250 1647 1321 διασύρειν
1678 1252 1805 1302 ἐπε-

231 1352 546 1419 χειρήσατε,
585 1347 637 1400 τί
669 1348 744 1415 μὴ
775 1345 1053 1413 λέγοντες,
1082 1343 1134 1394 τί
1169 1342 1245 1410 μὴ
1273 1342 1613 1410 γράφοντες
1649 1339 1804 1409 Ἀμα

234 1443 292 1496 δὲ
321 1443 412 1494 καὶ
447 1442 555 1508 τὴν.
602 1438 888 1492 Σαϐϐάτου
924 1435 1180 1506 νηστείαν
1232 1434 1521 1503 κωμῳδεῖν
1562 1430 1804 1502 ἦρξασθε

238 1531 594 1586 ἁποστολικόν
616 1547 735 1582 τινα
755 1528 1186 1599 προϐαλλόμενοι
1205 1527 1403 1579 κανόνα
1417 1526 1507 1578 τὸν
1531 1525 1691 1594 μέχρι
1707 1525 1806 1592 τῆς

236 1626 355 1677 τότε
395 1623 576 1693 μάχης
607 1625 666 1676 ἐν
694 1622 870 1692 γωνίᾳ
898 1636 1001 1672 που
1034 1620 1309 1688 κείμενον,
1343 1618 1419 1678 ὡς
1449 1616 1805 1681 ἐπίπλαστον,

239 1717 327 1768 καὶ
365 1717 430 1784 τῇ
463 1714 784 1784 ἀρχαιότητι
812 1714 1114 1780 ἄγνωστον.
1140 1710 1368 1773 Τούτοις
1411 1709 1806 1779 ἐξηκολούθησε

235 1807 329 1860 καὶ
367 1809 400 1876 ἡ
436 1807 577 1858 κατὰ
609 1805 701 1858 τοῦ
753 1805 968 1875 ἀζύμου
1014 1801 1345 1868 φιλονεικία,
1391 1801 1806 1874 διατεινομένων

238 1897 387 1967 ὑμῶν
426 1893 718 1949 Ἰουδαϊκὸν
741 1889 964 1947 εἶναιτὸ
991 1891 1222 1961 ἄζυμον,
1254 1891 1348 1944 καὶ
1381 1891 1512 1954 τοὺς
1552 1889 1811 1950 Λατίνους

237 1989 509 2052 άξυμίτας
531 1985 865 2041 καλούντων.
899 1985 1027 2040 Ἐπὶ
1049 1985 1264 2046 τούτοις
1295 1982 1535 2052 ἀνέκιψε
1557 1983 1649 2036 καὶ
1669 1984 1701 2044 ἡ
1716 1979 1811 2033 τοῦ

241 2080 610 2150 καθαρτηρίου
639 2079 976 2149 ἁπάρνησις,
1027 2080 1123 2129 καὶ
1164 2077 1262 2145 τῆς
1293 2074 1650 2136 ἀπολαύσεως
1702 2073 1813 2126 τῶν

241 2173 408 2238 ἁγίων
430 2188 447 2204 ο
477 2171 696 2232 πλείους
727 2169 835 2238 γὰρ
861 2170 950 2223 ἀεὶ
977 2169 1076 2231 τὰς
1107 2166 1376 2235 διαφορὰς
1410 2163 1810 2234 ἐπεσώρευενή

240 2265 473 2333 διχόνοια
505 2264 581 2332 μὴ
621 2263 781 2331 μόνον
814 2263 871 2313 ἐν
909 2261 1198 2328 δόγμασιν,
1233 2256 1370 2310 ἀλλὰ
1401 2259 1503 2309 κάν
1533 2256 1814 2337 διαφόροις

140 2368 147 2377 ’
241 2357 684 2428 θρησκεύμασιν.
734 2353 891 2407 Οὕτω
935 2352 1228 2408 Λατινικδν
1263 2351 1391 2420 ὑμῖν
1430 2349 1577 2402 δοκεῖ
1618 2351 1650 2418 ἡ
1689 2351 1813 2418 ὁση-

249 2452 412 2520 μέραι
441 2446 782 2516 γονυκλισία,
815 2446 913 2499 καὶ
942 2446 1003 2498 τὸ
1034 2444 1212 2514 ίεροὺς
1238 2442 1475 2512 ἐγείρειν
1503 2442 1610 2494 τῶν
1641 2442 1815 2508 ἁγίων

242 2540 588 2612 ἀνδριάντας.
635 2539 740 2593 Ἐῶ
769 2537 972 2604 λέγειν,
1021 2537 1103 2588 ὅτι
1134 2533 1461 2604 χωρίζοντες
1509 2531 1577 2583 τὰ
1627 2531 1817 2599 ἀνδρό-

244 2646 386 2698 γυνα
430 2631 532 2699 τὴν
581 2625 961 2696 τετραγαμίαν
1010 2622 1278 2675 ἀθετεῖτε,
1332 2621 1440 2674 Καὶ
1487 2619 1816 2689 φρονοῦντες

243 2723 405 2787 οὕτω,
460 2721 556 2775 καὶ
603 2718 746 2774 οὕτω
799 2717 1214 2785 πολιτευόμενοι
1267 2714 1690 2784 μεγαλιιυχείτε,
1740 2711 1817 2775 ὡς

246 2817 436 2886 πόρρω
462 2814 569 2866 τῶν
594 2810 980 2881 νεωτερισμῶν
1007 2807 1434 2874 καθεστηκότες,
1473 2805 1568 2856 καὶ
1598 2803 1816 2870 ἀπαρά-

245 2923 429 2976 τρωτα
455 2904 526 2958 τὰ
558 2903 760 2973 ἀρχαία
801 2899 1186 2970 φυλάττοντες.
1221 2896 1360 2948 Ποία
1400 2895 1533 2960 γοῦν
1574 2893 1729 2958 τάξις
1759 2894 1816 2944 ἐν

244 2997 495 3062 τούτοις;
523 2996 562 3066 ἦ
602 2997 757 3047 ποῖον
792 2993 1026 3065 μέγεθος
1067 2989 1198 3059 παρ’
1231 2989 1361 3058 ὑμῖν
1400 2989 1498 3056 τῆς
1533 2985 1697 3054 τιμῆς
1722 2983 1814 3036 τοῦ

248 3090 486 3155 πάππα;
529 3087 724 3157 Ὑμεῖς
777 3085 942 3139 αὑτὸν
995 3083 1276 3148 ὲξεώσατε
1343 3078 1456 3132 τῶν
1500 3075 1817 3145 διπτύχωνο

1907 613 2041 666 mini
2095 629 2205 666 non
2264 614 2383 668 sine
2434 614 2597 684 justis
2661 615 2843 668 causis
2889 617 3006 670 ausi
3040 617 3187 686 quod
3250 617 3476 676 fecistis.

1903 702 2336 757 additamentum
2369 702 2647 774 Symbolo,
2683 716 2742 758 ut
2773 707 3001 769 vocalis,
3037 707 3239 761 laetum
3292 710 3481 762 crimi-

1903 794 2134 857 namini,
2162 805 2216 848 et
2249 794 2472 849 Latinos
2503 798 2676 850 tertiae
2711 799 2902 866 synodi
2935 799 3219 853 decretum
3251 801 3480 855 violasse

1906 887 2112 949 dicitis,
2131 902 2194 940 ac
2218 886 2345 940 inde
2370 875 2706 942 anathemati
2729 891 3007 959 subjectos
3033 906 3175 945 esse.
3217 893 3344 946 Post
3365 894 3480 948 haec

1907 977 2084 1047 ipsum
2152 994 2372 1047 quojue
2435 979 2672 1049 dogma,
2739 983 2996 1039 nimirum
3074 986 3480 1053 processionem

1905 1070 2080 1124 sancti
2111 1068 2347 1138 Spiritus
2370 1087 2397 1124 a
2418 1070 2578 1135 Filio,
2605 1073 2898 1140 reprobare
2925 1077 3192 1144 coepistis,
3222 1079 3351 1145 quid
3373 1094 3479 1131 non

1907 1160 2175 1224 dicentes,
2215 1161 2347 1229 quid
2389 1177 2498 1216 non
2529 1161 2870 1218 scribentes!
2920 1174 3178 1233 praeterea
3207 1168 3476 1236 jejunium

1906 1248 2130 1303 Sabbati
2159 1252 2583 1320 reprehendere,
2613 1261 2878 1322 praetextu
2910 1257 3193 1326 cujusdam
3228 1261 3478 1322 canonis,

1905 1356 2067 1410 quem
2107 1343 2465 1410 apostolicum
2501 1343 2722 1410 dicitis;
2769 1346 2862 1414 qui
2907 1347 2970 1400 ad
3027 1364 3090 1402 ea
3129 1365 3303 1419 usque
3339 1360 3478 1404 tem-

1909 1449 2038 1502 pora
2065 1433 2240 1488 latens
2271 1442 2400 1489 tunc
2429 1437 2674 1500 emersit,
2721 1453 2917 1507 nempe
2951 1448 3009 1492 ut
3058 1443 3216 1495 [ictus
3257 1453 3314 1495 et
3341 1445 3482 1496 anti-

1907 1525 2105 1594 quitati
2142 1526 2476 1596 incognitus.
2517 1527 2642 1583 Haec
2666 1529 2957 1585 subsecuta
2992 1542 3077 1586 est
3102 1535 3382 1588 contentio
3417 1537 3484 1589 de

1909 1631 2122 1687 azymo,
2183 1617 2560 1672 asserentibus
2610 1619 2766 1674 vobis
2830 1621 2962 1675 illud
3014 1637 3132 1676 esse
3174 1623 3484 1690 Judaicum,

1907 1707 2240 1778 Latinosque
2272 1711 2594 1765 vocantibus
2627 1713 2910 1782 azymitas.
2962 1714 3102 1768 Hinc
3155 1727 3334 1769 ortum
3393 1718 3487 1770 lia-

1911 1801 2032 1855 buit
2083 1801 2271 1871 Opinio
2329 1803 2702 1871 purgatorium
2775 1820 2982 1873 negans
3050 1818 3104 1860 et
3163 1806 3482 1860 fruitionem

1913 1904 2228 1948 sanctorum
2250 1910 2266 1958 ;
2287 1895 2474 1963 plures
2503 1896 2651 1949 enim
2683 1897 3078 1966 discrepantias
3108 1900 3488 1954 accumulabat

1912 1981 1969 2034 in
2025 1981 2142 2036 dies
2181 1982 2469 2037 dissidium
2516 1999 2626 2038 non
2673 1987 2850 2039 solum
2903 2003 3001 2055 per
3060 1988 3332 2058 dogmata,
3391 1991 3486 2044 sed

1913 2073 2078 2127 etiam
2111 2075 2164 2126 in
2205 2074 2463 2129 exteriori
2487 2075 2637 2129 cultu
2673 2077 2974 2147 religionis.
3014 2077 3089 2132 Ita
3119 2079 3272 2134 vobis
3306 2079 3487 2136 Latini

1915 2165 2081 2219 moris
2137 2180 2257 2220 esse
2309 2166 2526 2220 videtur
2558 2168 2876 2237 quotidiana
2929 2185 3164 2240 genuum
3212 2171 3376 2227 ﬂexio
3431 2181 3486 2228 οἱ

1915 2271 2194 2310 sacrarum
2226 2267 2530 2314 statuarum
2563 2262 2792 2316 erectio.
2848 2262 3028 2318 Taceo
3055 2265 3222 2332 quod,
3252 2267 3488 2322 divortia

1915 2349 2118 2403 vinculi
2152 2352 2530 2419 permittentes
2554 2393 2570 2418 ,
2621 2356 2995 2424 tetragamiam
3029 2359 3369 2427 improbatis.
3393 2362 3488 2414 At-

1917 2455 2022 2507 que
2056 2440 2130 2494 ita
2173 2443 2475 2498 sentientes
2503 2455 2558 2498 et
2596 2445 2683 2502 liis
2731 2447 2946 2516 legibus
2976 2451 3241 2513 viventes,
3272 2454 3488 2521 gloria-

1915 2531 2050 2584 mini
2088 2531 2234 2600 quod
2275 2534 2480 2588 nullam
2516 2535 2848 2593 admiseritis
2880 2541 3198 2608 novitatem,
3235 2553 3291 2596 et
3346 2543 3488 2599 iute-
3566 2560 3574 2570 ί

1915 2635 2065 2690 gram
2101 2624 2334 2677 servetis
2363 2625 2766 2694 antiquitatem.
2787 2628 2921 2694 Quis
2951 2645 3084 2700 ergo
3115 2631 3171 2685 in
3203 2633 3289 2687 liis
3315 2634 3490 2690 ordo?

1917 2722 2012 2766 aut
2037 2729 2167 2784 quae
2206 2715 2348 2783 apud
2400 2731 2496 2770 vos
2532 2718 2850 2786 magnitudo
2891 2721 3119 2778 honoris
3152 2724 3346 2794 papae?
3377 2723 3488 2782 Vos

1917 2803 2068 2858 illum
2107 2821 2138 2859 e
2163 2805 2441 2874 diptycliis
2465 2809 2831 2876 expunxistis,
2854 2824 2952 2866 vos
2990 2811 3143 2866 illum
3177 2829 3286 2868 non
3315 2814 3490 2870 habe-

1917 2895 1988 2949 tis
2013 2895 2422 2962 orthodoxum;
2455 2906 2506 2952 et
2535 2899 2683 2968 quod
2739 2901 2817 2954 illi
2872 2917 3149 2956 summum
3186 2906 3489 2961 conceditis

1915 2995 2002 3041 est
2030 2998 2091 3041 ut
2128 2987 2338 3055 primus
2367 2989 2591 3056 sedeat,
2621 3001 2678 3046 et
2724 3002 3044 3048 numeretur
3093 2995 3324 3064 primus,
3360 2998 3488 3052 dum

1917 3077 2223 3133 catholicus
2239 3079 2330 3134 sit.
2352 3087 2421 3133 At
2449 3082 2579 3151 quid
2603 3083 2749 3137 aliud
2778 3083 2896 3139 haec
2928 3097 3057 3140 sunt
3084 3089 3250 3157 Quam
3276 3089 3491 3144 ordinis

246 3183 401 3254 ὑμεῖς
430 3181 594 3235 αὐτὸν
619 3180 721 3233 οὐκ
767 3177 921 3248 ἔχετε
952 3175 1235 3244 όρθόδοξον
1271 3187 1286 3202 ·
1335 3173 1426 3224 καὶ
1457 3170 1518 3224 τὸ
1564 3170 1808 3239 μέγιστοι

1920 3169 2188 3236 confusio,
2218 3181 2274 3224 et
2322 3171 2501 3241 legum
2533 3173 2737 3230 Christi
2768 3179 3127 3247 oppugnatio,
3167 3191 3222 3234 et
3251 3181 3490 3251 synodo.

244 3243 397 3345 αύτῷ
419 3274 749 3342 ἀπονέμετε,
773 3243 889 3336 ἐάν,
910 3269 1098 3349 φησὶν,
1131 3263 1412 3337 όρθόδοξος
1438 3259 1496 3336 ᾗ,
1532 3277 1808 3334 πρωτοκα-

1923 3276 2046 3315 rum
2073 3263 2533 3319 meumenicarum
2569 3271 2904 3338 contemptio
2922 3271 2949 3326 ?

247 3368 468 3440 θεδρίαν
493 3368 592 3422 καὶ
611 3365 1042 3437 προαρίθμησιν.
1084 3363 1148 3413 'l‘l
1185 3360 1242 3413 δὲ
1264 3359 1393 3414 ἄλλο
1417 3356 1651 3425 ταῦταῆ
1718 3354 1916 3421 ἀταξία
1965 3357 2061 3408 καὶ
2105 3359 2395 3429 σύγχυσις,
2465 3361 2560 3413 καὶ
2631 3363 3068 3434 ἁντινομοθετείν
3096 3367 3174 3438 τῷ
3243 3365 3490 3440 Χριστῷ,

176 3476 189 3488 ·
247 3462 342 3515 καὶ
367 3460 676 3514 ἀντιλέγειν
714 3459 833 3521 ταῖς
867 3455 1279 3524 οίκουμενικαῐς
1307 3451 1418 3504 τῶν
1457 3450 1694 3504 συνόδων
1727 3465 1743 3516 ;

898 3569 1172 3623 ΝΕῐΛΟΣ.

331 3713 352 3746 ι
391 3688 532 3745 Ἀλλ’
562 3688 663 3741 οὐκ
691 3686 831 3749 ἔστι,
865 3683 1019 3754 φησὶ,
1056 3682 1150 3733 τοῦ
1196 3681 1400 3735 πάππα
1426 3680 1598 3750 χωρὶς
1626 3681 1693 3732 τὰ
1725 3680 1816 3732 ὲκ-

244 3783 605 3858 κλησιαστικὰ
632 3780 1030 3844 κανονίςεσθαι.
1071 3773 1269 3838 Καλῶς
1302 3792 1388 3843 γε.
1433 3775 1572 3828 Ἀλλ’
1596 3775 1718 3827 οὐδέ
1741 3773 1816 3844 τῷ

246 3880 454 3948 πάππα
473 3877 582 3931 τῶν
607 3875 783 3929 ἄλλων
802 3873 994 3944 χωρὶς,
1022 3869 1127 3933 ἓως
1151 3868 1217 3923 ἂν
1243 3869 1354 3930 τοῖς
1375 3867 1482 3922 τῶν
1504 3866 1818 3922 ἀποστόλων

245 3973 436 4041 νόμοις
467 3959 875 4036 πειθόμενος
918 3960 1222 4032 ’Δνάγνωθι
1261 3959 1577 4013 ἀποστόλων
1616 3959 1816 4013 κανόνα

241 4062 342 4116 λδ⁴ο
379 4081 398 4114 ς
435 4061 574 4123 Τοὺς
607 4058 938 4120 ἐπισκόπους
979 4054 1211 4108 ἑκάστου
1254 4052 1441 4114 ἔθνους
1471 4051 1671 4104 ειδέναι
1713 4049 1818 4120 Χρὴ

242 4154 338 4208 τδν
382 4154 442 4205 ἐν
471 4151 657 4212 αὐτοῖς
689 4151 927 4217 πρῶτον,
977 4147 1073 4198 καὶ
1115 4143 1370 4214 ἡγεῖσθαι
1404 4141 1568 4195 αὑτὸν
1598 4141 1674 4203 ὡς
1723 4155 1817 4190 κε-

244 4245 444 4317 φαλὴν,
488 4245 584 4298 καὶ
619 4240 787 4311 μηδέν
822 4257 877 4292 τι
928 4239 1192 4308 πράττειν
1230 4233 1486 4305 περιττὸν
1539 4232 1669 4286 ἄνευ
1719 4231 1817 4295 τῆς

243 4336 461 4391 ἐκείνου
494 4333 742 4402 γνώμης.
784 4329 946 4384 Ἀλλὰ
982 4327 1103 4399 μηδ’
1133 4328 1339 4390 ἐκεῖνος
1378 4325 1508 4379 ἄνευ
1543 4322 1644 4392 τῆς
1679 4324 1819 4376 πάν-

241 4447 355 4483 των
386 4425 615 4496 γνώμης
665 4423 886 4477 ποιείτω
927 4439 1011 4474 τιο
1047 4418 1191 4474 οὓτω
1220 4421 1331 4488 γὰρ
1365 4418 1590 4488 ὁμόνοια
1640 4416 1817 4480 ἐσται,

244 4525 344 4577 καὶ
375 4518 768 4586 δοξασθήσεται
800 4518 828 4568 ὁ
852 4515 1002 4577 Θεός.

827 4626 1269 4680 ΑΝΤΙΡΡΗΣΙΣ.

318 4713 523 4797 Τοῦτον
552 4743 644 4796 τδν
673 4741 875 4795 κανόνα
905 4742 938 4810 ἠ
981 4741 1040 4793 ὲν
1076 4737 1380 4809 Ἀντιοχείᾳ
1417 4737 1632 4801 σύνοδος
1667 4734 1816 4791 εἶναι

2398 3565 2606 3622 Nll.US
2637 3533 2789 3638 (Cap.
2819 3569 3009 3638 xxvi.

2001 3697 2018 3729 ‹
2053 3677 2127 3732 .‘in
2162 3694 2271 3732 non
2309 3679 2456 3740 licet,
2493 3681 2768 3748 inquiunt.
2789 3682 2910 3736 sine
2946 3698 3083 3753 papa
3109 3685 3497 3744 ecclesiasticis

1925 3771 2160 3838 negotiis
2191 3772 2432 3840 regulam
2465 3772 2604 3826 dari.
2635 3773 2712 3826 Ita
2756 3772 2933 3842 plane.
2966 3773 3164 3830 Verum
3197 3793 3300 3832 nec
3344 3795 3496 3850 papas

1925 3862 2043 3915 sine
2065 3863 2184 3916 aliis
2210 3863 2358 3929 licet,
2384 3863 2513 3917 dum
2541 3865 2744 3932 regulis
2774 3867 3089 3935 apostolicis
3115 3884 3310 3938 parere
3340 3873 3490 3928 velit.

1926 3953 2064 4022 Lege
2107 3957 2474 4022 apostolorum
2520 3972 2786 4012 canonein
2820 3958 2928 4012 34:
2975 3979 2993 4011 ι
3049 3959 3352 4032 Episcopos
3397 3979 3496 4016 cu-

1919 4046 2114 4116 jusque
2139 4047 2314 4115 gentis
2345 4047 2486 4102 scire
2515 4056 2730 4115 Oportet
2761 4051 2884 4118 quis
2935 4066 3124 4105 eorum
3155 4053 3368 4122 primus
3401 4055 3496 4119 sit,

1924 4140 2123 4191 celoce
2145 4139 2339 4208 capitis
2367 4156 2492 4192 eum
2527 4132 2756 4204 habere,
2800 4142 3048 4212 nihilque
3077 4159 3236 4214 agere
3273 4145 3500 4200 modum

1925 4229 2212 4293 excedens,
2247 4231 2298 4284 id
2325 4241 2429 4294 est,
2485 4233 2550 4285 ad
2597 4234 2933 4301 proiinciam
2970 4235 3272 4305 pertinens,
3305 4238 3496 4290 incon-

1925 4322 2069 4377 sulto
2106 4322 2220 4377 illo.
2256 4324 2361 4378 Sed
2402 4339 2503 4377 nec
2547 4324 2634 4378 ille
2678 4325 2974 4394 quidquam
3014 4337 3138 4397 agat
3172 4335 3370 4397 praeter
3410 4344 3496 4380 vo.

1924 4416 2189 4471 luntatem
2215 4418 2494 4483 omnium;
2536 4418 2606 4471 ita
2641 4419 2787 4470 enim
2819 4419 2924 4473 erit
2951 4420 3266 4488 concordia,
3292 4428 3347 4475 et
3379 4420 3492 4491 glo-

1925 4506 2228 4562 riﬁcabitur
2275 4508 2441 4563 Deus.
2479 4526 2498 4558 ι

2482 4620 2945 4678 CONFUTATIO.

1999 4734 2154 4789 Hunc
2193 4750 2459 4790 canoncm
2492 4736 2832 4791 Antiocliena
2879 4734 3116 4806 synodus
3149 4752 3250 4792 suo
3287 4755 3509 4795 canone

244 4839 512 4906 Πατέρων
566 4827 761 4904 φησΐν,
807 4833 927 4902 οὐχὶ
961 4830 1300 4885 ἀποστόλων.
1349 4831 1492 4900 Πλὴν
1536 4830 1680 4884 ἔστω
1723 4831 1808 4883 καί

1928 4828 2147 4882 Patrum
2202 4843 2324 4883 esse
2377 4827 2532 4890 dicit,
2578 4844 2688 4883 non
2713 4829 3118 4898 apostolorum.
3155 4829 3262 4885 Sed
3294 4842 3414 4887 esto
3441 4843 3501 4888 ut

240 4913 410 4980 τοῦτο
441 4923 538 4992 σὴν
564 4923 750 4992 χάριν.
807 4921 970 4974 Ἀλλὰ
997 4919 1058 4973 τὸ
1088 4921 1216 4982 τοὺς
1247 4921 1478 4982 κανόνας
1506 4920 1724 4983 τούτους
1747 4921 1808 4982 ὡς

1925 4922 2050 4985 vis;
2100 4930 2248 4974 certe
2291 4934 2554 4974 canonem
2599 4920 3062 4990 antiquissimum,
3100 4931 3160 4976 ut
3200 4923 3317 4976 sine
3358 4938 3496 4993 papa

239 5010 1040 5082 causoﬁuvdpouc'lap6dvew,
1085 5011 1182 5064 καὶ
1209 5011 1272 5063 ἐκ
1317 5009 1415 5062 τοῦ
1444 5011 1808 5079 ἀντιστρέφειι

1925 5026 2036 5065 non
2079 5011 2238 5065 liceat
2295 5010 2562 5065 Ecclesias
2597 5012 2874 5081 regulari;
2923 5023 2980 5067 et
3012 5027 3278 5067 canonem
3329 5029 3498 5083 quem

239 5109 344 5161 τὸν
373 5104 652 5173 δεύτερον,
683 5102 1113 5171 ἀντιστρέφοντα
1145 5105 1318 5156 ποιεῖν
1348 5103 1446 5154 καὶ
1468 5102 1558 5154 τὸν
1583 5102 1808 5170 πρῶτον,

1927 5103 2156 5170 profers,
2205 5117 2419 5157 sumere
2479 5113 2735 5172 tanquam
2775 5106 3205 5173 :equivalentes:
3265 5115 3323 5158 et.
3369 5107 3502 5174 quia

241 5196 456 5265 πολλῆς
485 5197 630 5248 ἐστιν
660 5193 1038 5258 ἐθελοκακίας.
1113 5193 1173 5248 ’0
1205 5195 1420 5266 πρῶτος
1444 5192 1689 5264 βούλεται
1715 5193 1808 5244 τῶι

1929 5192 2198 5261 posterior
2231 5191 2589 5257 convertitur,
2617 5193 2760 5246 velle
2803 5202 2862 5246 ut
2891 5195 3040 5262 prior
3076 5195 3241 5248 etiam
3267 5209 3497 5248 conver-

242 5287 729 5356 ἐκκλησιαστικῶν
763 5285 1026 5338 ἁπάντων
1053 5279 1194 5338 εῖναι
1221 5287 1420 5338 κανόνα
1451 5285 1542 5336 τὸν
1570 5284 1808 5336 πάππαν

1929 5294 2094 5347 tatur,
2151 5285 2255 5338 hoc
2307 5293 2391 5338 est
2438 5285 2605 5339 animi
2647 5285 2784 5338 mala
2844 5300 3042 5355 sponte
3087 5286 3500 5355 atnplectentis.

239 5382 271 5432 ό
304 5377 352 5447 β’
379 5377 487 5431 τῶν
522 5379 663 5431 κατὰ
698 5378 862 5446 μέρος
915 5377 1252 5446 Ἐκκλησιῶν
1285 5376 1351 5429 τὰ
1387 5376 1529 5446 μέρη
1563 5375 1808 5444 σύμπνοσ

1925 5378 2140 5431 Primus
2171 5377 2391 5432 mandat
2427 5384 2486 5429 ut
2523 5393 2656 5446 papa
2708 5377 2779 5430 sit
2807 5379 2992 5448 regula
3040 5378 3286 5432 omnium
3318 5380 3504 5434 eccle-

241 5469 507 5540 βούλεται
539 5470 635 5523 καὶ
667 5469 946 5538 ὁμόφωνα·
981 5470 1011 5522 ὁ
1039 5465 1087 5522 α’
1117 5469 1184 5522 τὰ
1208 5469 1638 5536 ἐκκλησιαστικὰ
1674 5468 1808 5534 λέγει

1928 5468 2274 5524 siasticarum
2303 5468 2827 5536 rerumpos-terior,
2855 5478 2914 5522 ut
2947 5470 3363 5538 provincialium
3393 5471 3499 5527 Ec-

237 5566 321 5618 τὰ
357 5566 494 5635 πρὸς
523 5562 894 5634 καταρτισμὸν
943 5561 1182 5631 ἑκάστης
1227 5561 1553 5630 Ἐκκλησίας
1608 5563 1808 5613 συντεί-

1928 5559 2220 5615 elesiarum
2288 5557 2530 5612 membra
2607 5559 2940 5614 conveniant
3003 5567 3061 5612 et
3131 5560 3500 5614 concordent.

237 5676 437 5724 νοντα,
473 5658 548 5728 μὴ
577 5658 686 5710 δεῖν
713 5658 794 5721 είς
826 5656 1051 5718 κανόνος
1095 5655 1326 5726 δύναμιν
1355 5653 1677 5725 προϐαίνειν
1718 5669 1808 5723 χει»

1929 5649 2084 5705 Prior
2129 5650 2501 5704 ecclesiastica
2549 5650 2765 5720 inquit,
2789 5666 2911 5719 quae
2960 5651 3028 5705 ad
3067 5650 3369 5720 perlectum
3397 5666 3504 5708 σοι

237 5753 337 5824 ρὶς
387 5749 484 5804 τοῦ
523 5750 712 5804 πάπα*
746 5752 774 5802 ό
819 5746 871 5819 β’
916 5751 1030 5812 τοίς
1075 5745 1450 5818 ἐπαρχιὺταις
1498 5745 1808 5809 ἐπισκόποις

1923 5745 2119 5814 jusque
2143 5743 2402 5797 Ecclesiae
2418 5755 2619 5798 statum
2651 5754 2923 5814 Spectant,
2954 5759 3059 5799 non
3087 5759 3208 5800 esse
3249 5745 3301 5798 in
3329 5757 3503 5798 eano-

233 5842 624 5906 διακελεύεται
653 5842 820 5912 μηδὲν
842 5843 1107 5913 πράττειν
1130 5840 1404 5910 περιττὸν,
1423 5840 1717 5906 τουτέστιν,
1745 5839 1808 5902 ὡς

1927 5851 2056 5891 num
2095 5835 2321 5891 fortnam
2357 5836 2646 5904 redigenda
2695 5836 2811 5891 sine
2856 5851 3028 5907 papa;
3087 5836 3224 5890 alter
3251 5833 3504 5905 praecipit
