  <div class='ocr_page' id='page_1' title='image "/cluster/home/n/w/nwhite01/storage/ocr_20150623/149:no.2/coo.31924054870542/445.png"; bbox 0 0 4048 6464; ppageno 0'>
   <div class='ocr_carea' id='block_1_1' title="bbox 461 308 2059 419">
    <p class='ocr_par' dir='ltr' id='par_1_1' title="bbox 461 308 2059 401">
     <span class='ocr_line' id='line_1_1' title="bbox 461 308 2059 401; baseline -0.012 -3"><span class='ocrx_word' id='word_1_1' title='bbox 461 337 569 401; x_wconf 83' lang='grc'><strong><em>879</em></strong></span> <span class='ocrx_word' id='word_1_2' title='bbox 1590 308 2059 384; x_wconf 71' lang='lat' dir='ltr'><strong><em>&#39;rnEooonUs</em></strong></span> 
     </span>
    </p>
   </div>
   <div class='ocr_carea' id='block_1_2' title="bbox 2149 308 3747 419">
    <p class='ocr_par' dir='ltr' id='par_1_2' title="bbox 2149 316 3747 419">
     <span class='ocr_line' id='line_1_2' title="bbox 2149 316 3747 419; baseline 0.003 -36"><span class='ocrx_word' id='word_1_3' title='bbox 2149 321 2632 384; x_wconf 72' lang='lat' dir='ltr'><strong><em>[ELITE&#39;XIOTA</em></strong></span> <span class='ocrx_word' id='word_1_4' title='bbox 3406 408 3429 419; x_wconf 34' lang='grc' dir='ltr'>ς</span> <span class='ocrx_word' id='word_1_5' title='bbox 3644 316 3747 387; x_wconf 60' lang='lat' dir='ltr'><strong><em>ss)</em></strong></span> 
     </span>
    </p>
   </div>
   <div class='ocr_carea' id='block_1_3' title="bbox 466 457 2064 540">
    <p class='ocr_par' dir='ltr' id='par_1_3' title="bbox 466 457 2064 540">
     <span class='ocr_line' id='line_1_3' title="bbox 466 457 2064 540; baseline -0.009 -16"><span class='ocrx_word' id='word_1_6' title='bbox 466 467 754 540; x_wconf 70' lang='grc' dir='ltr'>τηνσὼτοῦ</span> <span class='ocrx_word' id='word_1_7' title='bbox 791 464 1054 529; x_wconf 67' lang='grc' dir='ltr'>διάλεξιν,</span> <span class='ocrx_word' id='word_1_8' title='bbox 1091 461 1235 517; x_wconf 72' lang='grc' dir='ltr'>οὕτω</span> <span class='ocrx_word' id='word_1_9' title='bbox 1262 460 1550 526; x_wconf 76' lang='grc' dir='ltr'>διεξιόντα.</span> <span class='ocrx_word' id='word_1_10' title='bbox 1587 457 1693 511; x_wconf 87' lang='lat' dir='ltr'><strong><em>Deo</em></strong></span> <span class='ocrx_word' id='word_1_11' title='bbox 1738 459 1830 528; x_wconf 88' lang='lat' dir='ltr'><strong><em>qui</em></strong></span> <span class='ocrx_word' id='word_1_12' title='bbox 1861 468 1934 511; x_wconf 82' lang='lat' dir='ltr'><strong><em>est</em></strong></span> <span class='ocrx_word' id='word_1_13' title='bbox 1984 474 2064 511; x_wconf 74' lang='lat' dir='ltr'><strong><em>un;</em></strong></span> 
     </span>
    </p>
   </div>
   <div class='ocr_carea' id='block_1_4' title="bbox 2148 457 3746 540">
    <p class='ocr_par' dir='ltr' id='par_1_4' title="bbox 2157 458 3746 532">
     <span class='ocr_line' id='line_1_4' title="bbox 2157 458 3746 532; baseline 0.001 -19"><span class='ocrx_word' id='word_1_14' title='bbox 2157 460 2211 513; x_wconf 90' lang='lat' dir='ltr'><strong><em>in</em></strong></span> <span class='ocrx_word' id='word_1_15' title='bbox 2236 458 2403 514; x_wconf 78' lang='lat' dir='ltr'><strong><em>tribus</em></strong></span> <span class='ocrx_word' id='word_1_16' title='bbox 2432 461 2690 530; x_wconf 87' lang='lat' dir='ltr'><strong><em>personis,</em></strong></span> <span class='ocrx_word' id='word_1_17' title='bbox 2745 462 2973 532; x_wconf 79' lang='lat' dir='ltr'><strong><em>itemque</em></strong></span> <span class='ocrx_word' id='word_1_18' title='bbox 3018 464 3367 531; x_wconf 87' lang='lat' dir='ltr'><strong><em>omnipotens,</em></strong></span> <span class='ocrx_word' id='word_1_19' title='bbox 3416 470 3746 527; x_wconf 82' lang='lat' dir='ltr'><strong><em>cooperante,</em></strong></span> 
     </span>
    </p>
   </div>
   <div class='ocr_carea' id='block_1_5' title="bbox 470 549 3751 629">
    <p class='ocr_par' dir='ltr' id='par_1_5' title="bbox 470 549 3751 629">
     <span class='ocr_line' id='line_1_5' title="bbox 470 549 3751 629; baseline -0.003 -16"><span class='ocrx_word' id='word_1_20' title='bbox 470 561 630 629; x_wconf 76' lang='lat' dir='ltr'><strong><em>linem</em></strong></span> <span class='ocrx_word' id='word_1_21' title='bbox 660 555 847 625; x_wconf 80' lang='lat' dir='ltr'><strong><em>accipit</em></strong></span> <span class='ocrx_word' id='word_1_22' title='bbox 868 569 986 608; x_wconf 89' lang='lat' dir='ltr'><strong><em>cum</em></strong></span> <span class='ocrx_word' id='word_1_23' title='bbox 1023 553 1195 622; x_wconf 89' lang='lat' dir='ltr'><strong><em>primo</em></strong></span> <span class='ocrx_word' id='word_1_24' title='bbox 1223 556 1272 604; x_wconf 88' lang='lat' dir='ltr'><strong><em>et</em></strong></span> <span class='ocrx_word' id='word_1_25' title='bbox 1302 549 1534 602; x_wconf 85' lang='lat' dir='ltr'><strong><em>secundo</em></strong></span> <span class='ocrx_word' id='word_1_26' title='bbox 1566 550 1751 600; x_wconf 86' lang='lat' dir='ltr'><strong><em>horum</em></strong></span> <span class='ocrx_word' id='word_1_27' title='bbox 1773 549 2271 601; x_wconf 74' lang='lat' dir='ltr'><strong><em>commentariorum</em></strong></span> <span class='ocrx_word' id='word_1_28' title='bbox 2312 551 2496 603; x_wconf 85' lang='lat' dir='ltr'><strong><em>tertius</em></strong></span> <span class='ocrx_word' id='word_1_29' title='bbox 2534 549 2683 613; x_wconf 89' lang='lat' dir='ltr'><strong><em>liber,</em></strong></span> <span class='ocrx_word' id='word_1_30' title='bbox 2716 550 2770 603; x_wconf 92' lang='lat' dir='ltr'><strong><em>in</em></strong></span> <span class='ocrx_word' id='word_1_31' title='bbox 2786 566 2905 620; x_wconf 31' lang='lat' dir='ltr'><strong><em>‘qao</em></strong></span> <span class='ocrx_word' id='word_1_32' title='bbox 2928 552 3257 621; x_wconf 84' lang='lat' dir='ltr'><strong><em>propositum</em></strong></span> <span class='ocrx_word' id='word_1_33' title='bbox 3295 559 3371 605; x_wconf 90' lang='lat' dir='ltr'><strong><em>est</em></strong></span> <span class='ocrx_word' id='word_1_34' title='bbox 3408 550 3532 604; x_wconf 83' lang='lat' dir='ltr'><strong><em>mihi</em></strong></span> <span class='ocrx_word' id='word_1_35' title='bbox 3552 566 3751 616; x_wconf 73' lang='lat' dir='ltr'><strong><em>magno</em></strong></span> 
     </span>
    </p>
   </div>
   <div class='ocr_carea' id='block_1_6' title="bbox 468 635 3738 708">
    <p class='ocr_par' dir='ltr' id='par_1_6' title="bbox 468 635 3738 708">
     <span class='ocr_line' id='line_1_6' title="bbox 468 635 3738 708; baseline -0.004 -8"><span class='ocrx_word' id='word_1_36' title='bbox 468 646 755 700; x_wconf 83' lang='lat' dir='ltr'><strong><em>sacellario</em></strong></span> <span class='ocrx_word' id='word_1_37' title='bbox 789 642 1144 697; x_wconf 71' lang='lat' dir='ltr'><strong><em>sanctissima!</em></strong></span> <span class='ocrx_word' id='word_1_38' title='bbox 1180 636 1394 708; x_wconf 70' lang='lat' dir='ltr'><strong><em>Ilagmc</em></strong></span> <span class='ocrx_word' id='word_1_39' title='bbox 1428 635 1524 689; x_wconf 84' lang='lat' dir='ltr'><strong><em>Dei</em></strong></span> <span class='ocrx_word' id='word_1_40' title='bbox 1551 635 1799 699; x_wconf 66' lang='lat' dir='ltr'><strong><em>ecclesite,</em></strong></span> <span class='ocrx_word' id='word_1_41' title='bbox 1831 643 1880 687; x_wconf 91' lang='lat' dir='ltr'><strong><em>et</em></strong></span> <span class='ocrx_word' id='word_1_42' title='bbox 1899 635 2154 705; x_wconf 85' lang='lat' dir='ltr'><strong><em>magistro</em></strong></span> <span class='ocrx_word' id='word_1_43' title='bbox 2189 637 2560 707; x_wconf 82' lang='lat' dir='ltr'><strong><em>magistrorum</em></strong></span> <span class='ocrx_word' id='word_1_44' title='bbox 2609 649 2656 691; x_wconf 91' lang='lat' dir='ltr'><strong><em>et</em></strong></span> <span class='ocrx_word' id='word_1_45' title='bbox 2689 638 3062 691; x_wconf 78' lang='lat' dir='ltr'><strong><em>archidiacono</em></strong></span> <span class='ocrx_word' id='word_1_46' title='bbox 3089 637 3354 692; x_wconf 81' lang='lat' dir='ltr'><strong><em>Theodoro</em></strong></span> <span class='ocrx_word' id='word_1_47' title='bbox 3384 635 3738 701; x_wconf 77' lang='lat' dir='ltr'><strong><em>Melitcniotte,</em></strong></span> 
     </span>
    </p>
   </div>
   <div class='ocr_carea' id='block_1_7' title="bbox 472 720 3754 799">
    <p class='ocr_par' dir='ltr' id='par_1_7' title="bbox 472 720 3754 799">
     <span class='ocr_line' id='line_1_7' title="bbox 472 720 3754 799; baseline -0.003 -12"><span class='ocrx_word' id='word_1_48' title='bbox 472 751 630 790; x_wconf 88' lang='lat' dir='ltr'><strong><em>omne</em></strong></span> <span class='ocrx_word' id='word_1_49' title='bbox 687 733 973 788; x_wconf 86' lang='lat' dir='ltr'><strong><em>secundum</em></strong></span> <span class='ocrx_word' id='word_1_50' title='bbox 995 738 1173 799; x_wconf 83' lang='lat' dir='ltr'><strong><em>partes</em></strong></span> <span class='ocrx_word' id='word_1_51' title='bbox 1229 730 1626 779; x_wconf 84' lang='lat' dir='ltr'><strong><em>sacrosanctum</em></strong></span> <span class='ocrx_word' id='word_1_52' title='bbox 1669 721 1775 775; x_wconf 73' lang='lat' dir='ltr'><strong><em>divi</em></strong></span> <span class='ocrx_word' id='word_1_53' title='bbox 1837 720 1993 779; x_wconf 73' lang='lat' dir='ltr'><strong><em>Lucae</em></strong></span> <span class='ocrx_word' id='word_1_54' title='bbox 2058 721 2409 793; x_wconf 77' lang='lat' dir='ltr'><strong><em>Evangelium</em></strong></span> <span class='ocrx_word' id='word_1_55' title='bbox 2478 735 2535 777; x_wconf 86' lang='lat' dir='ltr'><strong><em>ut</em></strong></span> <span class='ocrx_word' id='word_1_56' title='bbox 2623 734 2802 796; x_wconf 86' lang='lat' dir='ltr'><strong><em>potero</em></strong></span> <span class='ocrx_word' id='word_1_57' title='bbox 2887 739 3167 789; x_wconf 79' lang='lat' dir='ltr'><strong><em>exponere,</em></strong></span> <span class='ocrx_word' id='word_1_58' title='bbox 3224 723 3408 795; x_wconf 75' lang='lat' dir='ltr'><strong><em>illique</em></strong></span> <span class='ocrx_word' id='word_1_59' title='bbox 3442 732 3754 794; x_wconf 61' lang='lat' dir='ltr'><strong><em>cum&#39;expm</em></strong></span> 
     </span>
    </p>
   </div>
   <div class='ocr_carea' id='block_1_8' title="bbox 472 812 3754 895">
    <p class='ocr_par' dir='ltr' id='par_1_8' title="bbox 472 812 3754 895">
     <span class='ocr_line' id='line_1_8' title="bbox 472 812 3754 895; baseline -0.005 -12"><span class='ocrx_word' id='word_1_60' title='bbox 472 830 665 887; x_wconf 81' lang='lat' dir='ltr'><strong><em>sitione</em></strong></span> <span class='ocrx_word' id='word_1_61' title='bbox 689 838 958 895; x_wconf 71' lang='lat' dir='ltr'><strong><em>apponere</em></strong></span> <span class='ocrx_word' id='word_1_62' title='bbox 985 830 1218 888; x_wconf 87' lang='lat' dir='ltr'><strong><em>tempore</em></strong></span> <span class='ocrx_word' id='word_1_63' title='bbox 1279 814 1566 869; x_wconf 83' lang='lat' dir='ltr'><strong><em>secundum</em></strong></span> <span class='ocrx_word' id='word_1_64' title='bbox 1585 813 1842 867; x_wconf 88' lang='lat' dir='ltr'><strong><em>rationem</em></strong></span> <span class='ocrx_word' id='word_1_65' title='bbox 1864 821 2041 867; x_wconf 84' lang='lat' dir='ltr'><strong><em>tamen</em></strong></span> <span class='ocrx_word' id='word_1_66' title='bbox 2098 826 2418 883; x_wconf 78' lang='lat' dir='ltr'><strong><em>Opportuna.</em></strong></span> <span class='ocrx_word' id='word_1_67' title='bbox 2461 831 2577 884; x_wconf 72' lang='lat' dir='ltr'><strong><em>qna!</em></strong></span> <span class='ocrx_word' id='word_1_68' title='bbox 2604 814 2669 869; x_wconf 87' lang='lat' dir='ltr'><strong><em>ab</em></strong></span> <span class='ocrx_word' id='word_1_69' title='bbox 2726 814 2847 869; x_wconf 86' lang='lat' dir='ltr'><strong><em>aliis</em></strong></span> <span class='ocrx_word' id='word_1_70' title='bbox 2874 812 3205 885; x_wconf 80' lang='lat' dir='ltr'><strong><em>eva&#39;ngelistis</em></strong></span> <span class='ocrx_word' id='word_1_71' title='bbox 3235 816 3373 870; x_wconf 90' lang='lat' dir='ltr'><strong><em>dicta</em></strong></span> <span class='ocrx_word' id='word_1_72' title='bbox 3398 823 3543 879; x_wconf 89' lang='lat' dir='ltr'><strong><em>sunt,</em></strong></span> <span class='ocrx_word' id='word_1_73' title='bbox 3567 828 3616 869; x_wconf 87' lang='lat' dir='ltr'><strong><em>et</em></strong></span> <span class='ocrx_word' id='word_1_74' title='bbox 3639 816 3754 885; x_wconf 85' lang='lat' dir='ltr'><strong><em>ipse</em></strong></span> 
     </span>
    </p>
   </div>
   <div class='ocr_carea' id='block_1_9' title="bbox 488 898 3753 975">
    <p class='ocr_par' dir='ltr' id='par_1_9' title="bbox 488 898 3753 975">
     <span class='ocr_line' id='line_1_9' title="bbox 488 898 3753 975; baseline -0.004 -7"><span class='ocrx_word' id='word_1_75' title='bbox 488 912 724 968; x_wconf 87' lang='lat' dir='ltr'><strong><em>omiserit</em></strong></span> <span class='ocrx_word' id='word_1_76' title='bbox 746 927 764 975; x_wconf 89' lang='lat'><strong><em>;</em></strong></span> <span class='ocrx_word' id='word_1_77' title='bbox 786 908 947 963; x_wconf 79' lang='lat' dir='ltr'><strong><em>veluti</em></strong></span> <span class='ocrx_word' id='word_1_78' title='bbox 977 922 1081 960; x_wconf 79' lang='lat' dir='ltr'><strong><em>una</em></strong></span> <span class='ocrx_word' id='word_1_79' title='bbox 1114 903 1492 974; x_wconf 73' lang='lat' dir='ltr'><strong><em>compositione</em></strong></span> <span class='ocrx_word' id='word_1_80' title='bbox 1527 898 1843 970; x_wconf 77' lang='lat' dir='ltr'><strong><em>Evangelia,</em></strong></span> <span class='ocrx_word' id='word_1_81' title='bbox 1896 899 2035 970; x_wconf 87' lang='lat' dir='ltr'><strong><em>quod</em></strong></span> <span class='ocrx_word' id='word_1_82' title='bbox 2068 915 2133 953; x_wconf 88' lang='lat' dir='ltr'><strong><em>ex</em></strong></span> <span class='ocrx_word' id='word_1_83' title='bbox 2158 911 2394 971; x_wconf 76' lang='lat' dir='ltr'><strong><em>quatuor</em></strong></span> <span class='ocrx_word' id='word_1_84' title='bbox 2447 902 2627 971; x_wconf 75' lang='lat' dir='ltr'><strong><em>fuerit,</em></strong></span> <span class='ocrx_word' id='word_1_85' title='bbox 2664 902 2832 971; x_wconf 79' lang='lat' dir='ltr'><strong><em>facta,</em></strong></span> <span class='ocrx_word' id='word_1_86' title='bbox 2891 911 2940 956; x_wconf 88' lang='lat' dir='ltr'><strong><em>et</em></strong></span> <span class='ocrx_word' id='word_1_87' title='bbox 2973 904 3274 957; x_wconf 86' lang='lat' dir='ltr'><strong><em>divinorum</em></strong></span> <span class='ocrx_word' id='word_1_88' title='bbox 3305 902 3753 974; x_wconf 73' lang='lat' dir='ltr'><strong><em>evangelistaram</em></strong></span> 
     </span>
    </p>
   </div>
   <div class='ocr_carea' id='block_1_10' title="bbox 492 988 3747 1061">
    <p class='ocr_par' dir='ltr' id='par_1_10' title="bbox 492 988 3747 1061">
     <span class='ocr_line' id='line_1_10' title="bbox 492 988 3747 1061; baseline -0.004 -6"><span class='ocrx_word' id='word_1_89' title='bbox 492 1000 776 1056; x_wconf 77' lang='lat' dir='ltr'><strong><em>concordia</em></strong></span> <span class='ocrx_word' id='word_1_90' title='bbox 806 999 861 1051; x_wconf 92' lang='lat' dir='ltr'><strong><em>in</em></strong></span> <span class='ocrx_word' id='word_1_91' title='bbox 893 994 1135 1050; x_wconf 83' lang='lat' dir='ltr'><strong><em>omnibus</em></strong></span> <span class='ocrx_word' id='word_1_92' title='bbox 1168 993 1561 1047; x_wconf 78' lang='lat' dir='ltr'><strong><em>demonstrata;</em></strong></span> <span class='ocrx_word' id='word_1_93' title='bbox 1597 988 1732 1042; x_wconf 85' lang='lat' dir='ltr'><strong><em>Item</em></strong></span> <span class='ocrx_word' id='word_1_94' title='bbox 1769 991 1823 1043; x_wconf 88' lang='lat' dir='ltr'><strong><em>in</em></strong></span> <span class='ocrx_word' id='word_1_95' title='bbox 1846 991 2025 1043; x_wconf 89' lang='lat' dir='ltr'><strong><em>animo</em></strong></span> <span class='ocrx_word' id='word_1_96' title='bbox 2056 999 2155 1052; x_wconf 84' lang='lat' dir='ltr'><strong><em>est,</em></strong></span> <span class='ocrx_word' id='word_1_97' title='bbox 2184 1005 2418 1059; x_wconf 73' lang='lat' dir='ltr'><strong><em>pra&#39;sens</em></strong></span> <span class='ocrx_word' id='word_1_98' title='bbox 2448 1006 2578 1060; x_wconf 89' lang='lat' dir='ltr'><strong><em>opus</em></strong></span> <span class='ocrx_word' id='word_1_99' title='bbox 2605 991 2839 1044; x_wconf 81' lang='lat' dir='ltr'><strong><em>dicidere</em></strong></span> <span class='ocrx_word' id='word_1_100' title='bbox 2864 991 2922 1045; x_wconf 92' lang='lat' dir='ltr'><strong><em>in</em></strong></span> <span class='ocrx_word' id='word_1_101' title='bbox 2952 991 3183 1044; x_wconf 87' lang='lat' dir='ltr'><strong><em>triadem</em></strong></span> <span class='ocrx_word' id='word_1_102' title='bbox 3217 991 3436 1061; x_wconf 89' lang='lat' dir='ltr'><strong><em>triplam</em></strong></span> <span class='ocrx_word' id='word_1_103' title='bbox 3472 990 3747 1054; x_wconf 86' lang='lat' dir='ltr'><strong><em>librorum,</em></strong></span> 
     </span>
    </p>
   </div>
   <div class='ocr_carea' id='block_1_11' title="bbox 479 1072 3753 1158">
    <p class='ocr_par' dir='ltr' id='par_1_11' title="bbox 479 1072 3753 1158">
     <span class='ocr_line' id='line_1_11' title="bbox 479 1072 3753 1158; baseline -0.005 -13"><span class='ocrx_word' id='word_1_104' title='bbox 479 1102 768 1158; x_wconf 73' lang='lat' dir='ltr'><strong><em>rursusque</em></strong></span> <span class='ocrx_word' id='word_1_105' title='bbox 791 1086 1049 1140; x_wconf 83' lang='lat' dir='ltr'><strong><em>librorum</em></strong></span> <span class='ocrx_word' id='word_1_106' title='bbox 1065 1072 1560 1151; x_wconf 78' lang='lat' dir='ltr'><strong><em>unumquemquein</em></strong></span> <span class='ocrx_word' id='word_1_107' title='bbox 1580 1079 1806 1132; x_wconf 84' lang='lat' dir='ltr'><strong><em>triadem</em></strong></span> <span class='ocrx_word' id='word_1_108' title='bbox 1836 1079 2055 1146; x_wconf 76' lang='lat' dir='ltr'><strong><em>triplarn</em></strong></span> <span class='ocrx_word' id='word_1_109' title='bbox 2077 1078 2540 1147; x_wconf 72' lang='lat' dir='ltr'><strong><em>disceptationem,</em></strong></span> <span class='ocrx_word' id='word_1_110' title='bbox 2556 1090 2604 1133; x_wconf 90' lang='lat' dir='ltr'><strong><em>et</em></strong></span> <span class='ocrx_word' id='word_1_111' title='bbox 2625 1079 2870 1134; x_wconf 83' lang='lat' dir='ltr'><strong><em>universo</em></strong></span> <span class='ocrx_word' id='word_1_112' title='bbox 2893 1081 3042 1146; x_wconf 87' lang='lat' dir='ltr'><strong><em>operi</em></strong></span> <span class='ocrx_word' id='word_1_113' title='bbox 3061 1079 3276 1133; x_wconf 85' lang='lat' dir='ltr'><strong><em>titulum</em></strong></span> <span class='ocrx_word' id='word_1_114' title='bbox 3301 1082 3440 1133; x_wconf 81' lang='lat' dir='ltr'><strong><em>hunc</em></strong></span> <span class='ocrx_word' id='word_1_115' title='bbox 3454 1078 3753 1150; x_wconf 76' lang='lat' dir='ltr'><strong><em>pra‘ﬁgcre,</em></strong></span> 
     </span>
    </p>
   </div>
   <div class='ocr_carea' id='block_1_12' title="bbox 426 1163 3750 1244">
    <p class='ocr_par' dir='ltr' id='par_1_12' title="bbox 426 1163 3750 1244">
     <span class='ocr_line' id='line_1_12' title="bbox 426 1163 3750 1244; baseline -0.004 -13"><span class='ocrx_word' id='word_1_116' title='bbox 426 1206 429 1211; x_wconf 66' lang='grc' dir='ltr'><strong><em>ι</em></strong></span> <span class='ocrx_word' id='word_1_117' title='bbox 476 1182 532 1232; x_wconf 89' lang='lat' dir='ltr'><strong><em>in</em></strong></span> <span class='ocrx_word' id='word_1_118' title='bbox 559 1178 786 1230; x_wconf 82' lang='lat' dir='ltr'><strong><em>triadem</em></strong></span> <span class='ocrx_word' id='word_1_119' title='bbox 811 1172 1031 1244; x_wconf 88' lang='lat' dir='ltr'><strong><em>triplam</em></strong></span> <span class='ocrx_word' id='word_1_120' title='bbox 1051 1171 1453 1224; x_wconf 85' lang='lat' dir='ltr'><strong><em>enarrationum</em></strong></span> <span class='ocrx_word' id='word_1_121' title='bbox 1475 1167 1645 1219; x_wconf 66' lang='lat' dir='ltr'><strong><em>uincti</em></strong></span> <span class='ocrx_word' id='word_1_122' title='bbox 1667 1163 1962 1234; x_wconf 75' lang='lat' dir='ltr'><strong><em>Evangelii,</em></strong></span> <span class='ocrx_word' id='word_1_123' title='bbox 1981 1165 2123 1234; x_wconf 89' lang='lat' dir='ltr'><strong><em>quod</em></strong></span> <span class='ocrx_word' id='word_1_124' title='bbox 2149 1181 2217 1218; x_wconf 88' lang='lat' dir='ltr'><strong><em>ex</em></strong></span> <span class='ocrx_word' id='word_1_125' title='bbox 2235 1176 2465 1234; x_wconf 83' lang='lat' dir='ltr'><strong><em>quatuor</em></strong></span> <span class='ocrx_word' id='word_1_126' title='bbox 2487 1183 2646 1220; x_wconf 85' lang='lat' dir='ltr'><strong><em>unum</em></strong></span> <span class='ocrx_word' id='word_1_127' title='bbox 2676 1168 2876 1237; x_wconf 75' lang='lat' dir='ltr'><strong><em>factum</em></strong></span> <span class='ocrx_word' id='word_1_128' title='bbox 2895 1176 2993 1221; x_wconf 87' lang='lat' dir='ltr'><strong><em>est.</em></strong></span> <span class='ocrx_word' id='word_1_129' title='bbox 3018 1165 3254 1233; x_wconf 83' lang='lat' dir='ltr'><strong><em>Quartus</em></strong></span> <span class='ocrx_word' id='word_1_130' title='bbox 3273 1182 3395 1221; x_wconf 84' lang='lat' dir='ltr'><strong><em>vero</em></strong></span> <span class='ocrx_word' id='word_1_131' title='bbox 3420 1169 3550 1221; x_wconf 88' lang='lat' dir='ltr'><strong><em>liber</em></strong></span> <span class='ocrx_word' id='word_1_132' title='bbox 3575 1168 3750 1237; x_wconf 83' lang='lat' dir='ltr'><strong><em>operis</em></strong></span> 
     </span>
    </p>
   </div>
   <div class='ocr_carea' id='block_1_13' title="bbox 477 1261 3758 1342">
    <p class='ocr_par' dir='ltr' id='par_1_13' title="bbox 477 1261 3758 1342">
     <span class='ocr_line' id='line_1_13' title="bbox 477 1261 3758 1342; baseline -0.004 -15"><span class='ocrx_word' id='word_1_133' title='bbox 477 1274 662 1342; x_wconf 81' lang='lat' dir='ltr'><strong><em>incipit</em></strong></span> <span class='ocrx_word' id='word_1_134' title='bbox 699 1271 764 1324; x_wconf 90' lang='lat' dir='ltr'><strong><em>ab</em></strong></span> <span class='ocrx_word' id='word_1_135' title='bbox 799 1269 929 1329; x_wconf 85' lang='lat' dir='ltr'><strong><em>illis,</em></strong></span> <span class='ocrx_word' id='word_1_136' title='bbox 969 1282 1089 1337; x_wconf 71' lang='lat' dir='ltr'><strong><em>qua:</em></strong></span> <span class='ocrx_word' id='word_1_137' title='bbox 1119 1274 1434 1335; x_wconf 89' lang='lat' dir='ltr'><strong><em>sequuntur,</em></strong></span> <span class='ocrx_word' id='word_1_138' title='bbox 1477 1261 1715 1316; x_wconf 66' lang='lat' dir='ltr'><strong><em>Matthxi</em></strong></span> <span class='ocrx_word' id='word_1_139' title='bbox 1750 1262 1914 1314; x_wconf 81' lang='lat' dir='ltr'><strong><em>verbis</em></strong></span> <span class='ocrx_word' id='word_1_140' title='bbox 1942 1262 1997 1315; x_wconf 90' lang='lat' dir='ltr'><strong><em>in</em></strong></span> <span class='ocrx_word' id='word_1_141' title='bbox 2057 1261 2230 1331; x_wconf 87' lang='lat' dir='ltr'><strong><em>prima</em></strong></span> <span class='ocrx_word' id='word_1_142' title='bbox 2255 1277 2352 1317; x_wconf 85' lang='lat' dir='ltr'><strong><em>sua</em></strong></span> <span class='ocrx_word' id='word_1_143' title='bbox 2382 1262 2757 1330; x_wconf 77' lang='lat' dir='ltr'><strong><em>disceptatione</em></strong></span> <span class='ocrx_word' id='word_1_144' title='bbox 2784 1265 2882 1316; x_wconf 86' lang='lat' dir='ltr'><strong><em>hoc</em></strong></span> <span class='ocrx_word' id='word_1_145' title='bbox 2930 1262 3087 1317; x_wconf 87' lang='lat' dir='ltr'><strong><em>modo</em></strong></span> <span class='ocrx_word' id='word_1_146' title='bbox 3121 1278 3139 1315; x_wconf 94' lang='lat'><strong><em>:</em></strong></span> <span class='ocrx_word' id='word_1_147' title='bbox 3168 1262 3243 1316; x_wconf 69' lang='lat' dir='ltr'><strong><em>Ex</em></strong></span> <span class='ocrx_word' id='word_1_148' title='bbox 3302 1272 3530 1332; x_wconf 79' lang='lat' dir='ltr'><strong><em>quatuor</em></strong></span> <span class='ocrx_word' id='word_1_149' title='bbox 3573 1263 3758 1331; x_wconf 82' lang='lat' dir='ltr'><strong><em>itaque</em></strong></span> 
     </span>
    </p>
   </div>
   <div class='ocr_carea' id='block_1_14' title="bbox 480 1348 3758 1430">
    <p class='ocr_par' dir='ltr' id='par_1_14' title="bbox 480 1348 3758 1430">
     <span class='ocr_line' id='line_1_14' title="bbox 480 1348 3758 1430; baseline -0.004 -15"><span class='ocrx_word' id='word_1_150' title='bbox 480 1357 795 1430; x_wconf 75' lang='lat' dir='ltr'><strong><em>EVangcliis</em></strong></span> <span class='ocrx_word' id='word_1_151' title='bbox 830 1369 1005 1410; x_wconf 91' lang='lat' dir='ltr'><strong><em>unum</em></strong></span> <span class='ocrx_word' id='word_1_152' title='bbox 1061 1353 1403 1408; x_wconf 82' lang='lat' dir='ltr'><strong><em>Melitcuiola</em></strong></span> <span class='ocrx_word' id='word_1_153' title='bbox 1441 1351 1592 1412; x_wconf 83' lang='lat' dir='ltr'><strong><em>iecit,</em></strong></span> <span class='ocrx_word' id='word_1_154' title='bbox 1643 1359 1700 1401; x_wconf 86' lang='lat' dir='ltr'><strong><em>et</em></strong></span> <span class='ocrx_word' id='word_1_155' title='bbox 1733 1362 1928 1401; x_wconf 83' lang='lat' dir='ltr'><strong><em>novem</em></strong></span> <span class='ocrx_word' id='word_1_156' title='bbox 1986 1348 2144 1404; x_wconf 79' lang='lat' dir='ltr'><strong><em>libris</em></strong></span> <span class='ocrx_word' id='word_1_157' title='bbox 2207 1349 2486 1419; x_wconf 76' lang='lat' dir='ltr'><strong><em>exposuit,</em></strong></span> <span class='ocrx_word' id='word_1_158' title='bbox 2518 1364 2756 1418; x_wconf 87' lang='lat' dir='ltr'><strong><em>quorum</em></strong></span> <span class='ocrx_word' id='word_1_159' title='bbox 2806 1350 3006 1420; x_wconf 73' lang='lat' dir='ltr'><strong><em>singuli</em></strong></span> <span class='ocrx_word' id='word_1_160' title='bbox 3036 1364 3232 1403; x_wconf 85' lang='lat' dir='ltr'><strong><em>novem</em></strong></span> <span class='ocrx_word' id='word_1_161' title='bbox 3266 1350 3758 1418; x_wconf 66' lang='lat' dir='ltr'><strong><em>disceptationibus</em></strong></span> 
     </span>
    </p>
   </div>
   <div class='ocr_carea' id='block_1_15' title="bbox 476 1442 3807 1520">
    <p class='ocr_par' dir='ltr' id='par_1_15' title="bbox 476 1442 3807 1520">
     <span class='ocr_line' id='line_1_15' title="bbox 476 1442 3807 1520; baseline -0.001 -17"><span class='ocrx_word' id='word_1_162' title='bbox 476 1451 915 1520; x_wconf 79' lang='lat' dir='ltr'><strong><em>complebantur.</em></strong></span> <span class='ocrx_word' id='word_1_163' title='bbox 945 1450 1093 1516; x_wconf 82' lang='lat' dir='ltr'><strong><em>Opus</em></strong></span> <span class='ocrx_word' id='word_1_164' title='bbox 1135 1454 1239 1509; x_wconf 88' lang='lat' dir='ltr'><strong><em>est,</em></strong></span> <span class='ocrx_word' id='word_1_165' title='bbox 1276 1444 1422 1515; x_wconf 81' lang='lat' dir='ltr'><strong><em>quod</em></strong></span> <span class='ocrx_word' id='word_1_166' title='bbox 1480 1444 1596 1513; x_wconf 84' lang='lat' dir='ltr'><strong><em>ipse</em></strong></span> <span class='ocrx_word' id='word_1_167' title='bbox 1627 1442 1759 1505; x_wconf 79' lang='lat' dir='ltr'><strong><em>vidi,</em></strong></span> <span class='ocrx_word' id='word_1_168' title='bbox 1804 1442 2051 1507; x_wconf 72' lang='lat' dir='ltr'><strong><em>doctum,</em></strong></span> <span class='ocrx_word' id='word_1_169' title='bbox 2091 1442 2277 1498; x_wconf 84' lang='lat' dir='ltr'><strong><em>divina</em></strong></span> <span class='ocrx_word' id='word_1_170' title='bbox 2314 1445 2563 1498; x_wconf 84' lang='lat' dir='ltr'><strong><em>doetrina</em></strong></span> <span class='ocrx_word' id='word_1_171' title='bbox 2596 1443 2881 1508; x_wconf 82' lang='lat' dir='ltr'><strong><em>refertum,</em></strong></span> <span class='ocrx_word' id='word_1_172' title='bbox 2910 1454 2967 1501; x_wconf 87' lang='lat' dir='ltr'><strong><em>et</em></strong></span> <span class='ocrx_word' id='word_1_173' title='bbox 2998 1444 3223 1515; x_wconf 83' lang='lat' dir='ltr'><strong><em>dignum</em></strong></span> <span class='ocrx_word' id='word_1_174' title='bbox 3253 1444 3397 1515; x_wconf 77' lang='lat' dir='ltr'><strong><em>quod</em></strong></span> <span class='ocrx_word' id='word_1_175' title='bbox 3429 1444 3606 1498; x_wconf 84' lang='lat' dir='ltr'><strong><em>lucem</em></strong></span> <span class='ocrx_word' id='word_1_176' title='bbox 3674 1445 3758 1496; x_wconf 78' lang='lat' dir='ltr'><strong><em>vi-</em></strong></span> <span class='ocrx_word' id='word_1_177' title='bbox 3802 1494 3807 1499; x_wconf 86' lang='lat'><strong><em>.</em></strong></span> 
     </span>
    </p>
   </div>
   <div class='ocr_carea' id='block_1_16' title="bbox 477 1529 3751 1603">
    <p class='ocr_par' dir='ltr' id='par_1_16' title="bbox 477 1529 3751 1603">
     <span class='ocr_line' id='line_1_16' title="bbox 477 1529 3751 1603; baseline -0.002 -12"><span class='ocrx_word' id='word_1_178' title='bbox 477 1538 628 1594; x_wconf 85' lang='lat' dir='ltr'><strong><em>deat.</em></strong></span> <span class='ocrx_word' id='word_1_179' title='bbox 684 1538 827 1590; x_wconf 81' lang='lat' dir='ltr'><strong><em>Deus</em></strong></span> <span class='ocrx_word' id='word_1_180' title='bbox 878 1534 1014 1589; x_wconf 75' lang='lat' dir='ltr'><strong><em>faxit</em></strong></span> <span class='ocrx_word' id='word_1_181' title='bbox 1074 1543 1134 1588; x_wconf 90' lang='lat' dir='ltr'><strong><em>ut</em></strong></span> <span class='ocrx_word' id='word_1_182' title='bbox 1195 1531 1395 1600; x_wconf 71' lang='lat' dir='ltr'><strong><em>reliqui</em></strong></span> <span class='ocrx_word' id='word_1_183' title='bbox 1436 1540 1564 1586; x_wconf 89' lang='lat' dir='ltr'><strong><em>octo</em></strong></span> <span class='ocrx_word' id='word_1_184' title='bbox 1591 1530 1717 1584; x_wconf 86' lang='lat' dir='ltr'><strong><em>libri</em></strong></span> <span class='ocrx_word' id='word_1_185' title='bbox 1751 1531 1899 1599; x_wconf 76' lang='lat' dir='ltr'><strong><em>gravi</em></strong></span> <span class='ocrx_word' id='word_1_186' title='bbox 1938 1529 2253 1598; x_wconf 71' lang='lat' dir='ltr'><strong><em>reipublicae</em></strong></span> <span class='ocrx_word' id='word_1_187' title='bbox 2275 1531 2603 1586; x_wconf 66' lang='lat' dir='ltr'><strong><em>Christiane</em></strong></span> <span class='ocrx_word' id='word_1_188' title='bbox 2633 1533 2845 1603; x_wconf 79' lang='lat' dir='ltr'><strong><em>jactura</em></strong></span> <span class='ocrx_word' id='word_1_189' title='bbox 2874 1547 2985 1588; x_wconf 89' lang='lat' dir='ltr'><strong><em>non</em></strong></span> <span class='ocrx_word' id='word_1_190' title='bbox 3017 1533 3438 1589; x_wconf 85' lang='lat' dir='ltr'><strong><em>intereiderintl</em></strong></span> <span class='ocrx_word' id='word_1_191' title='bbox 3471 1532 3529 1586; x_wconf 86' lang='lat' dir='ltr'><strong><em>In</em></strong></span> <span class='ocrx_word' id='word_1_192' title='bbox 3558 1531 3751 1587; x_wconf 83' lang='lat' dir='ltr'><strong><em>eadem</em></strong></span> 
     </span>
    </p>
   </div>
   <div class='ocr_carea' id='block_1_17' title="bbox 478 1617 2076 1692">
    <p class='ocr_par' dir='ltr' id='par_1_17' title="bbox 478 1617 2075 1691">
     <span class='ocr_line' id='line_1_17' title="bbox 478 1617 2075 1691; baseline -0.003 -13"><span class='ocrx_word' id='word_1_193' title='bbox 478 1624 823 1679; x_wconf 81' lang='lat' dir='ltr'><strong><em>bibliotheca</em></strong></span> <span class='ocrx_word' id='word_1_194' title='bbox 855 1622 1131 1676; x_wconf 81' lang='lat' dir='ltr'><strong><em>habentur</em></strong></span> <span class='ocrx_word' id='word_1_195' title='bbox 1158 1619 1410 1691; x_wconf 84' lang='lat' dir='ltr'><strong><em>ejusdem</em></strong></span> <span class='ocrx_word' id='word_1_196' title='bbox 1447 1617 1979 1688; x_wconf 78' lang='grc' dir='ltr'>’Δστρολογούμενα,</span> <span class='ocrx_word' id='word_1_197' title='bbox 2006 1622 2075 1674; x_wconf 78' lang='lat' dir='ltr'><strong><em>As</em></strong></span> 
     </span>
    </p>
   </div>
   <div class='ocr_carea' id='block_1_18' title="bbox 2126 1617 3724 1692">
    <p class='ocr_par' dir='ltr' id='par_1_18' title="bbox 2126 1617 3724 1692">
     <span class='ocr_line' id='line_1_18' title="bbox 2126 1617 3724 1692; baseline -0.002 -19"><span class='ocrx_word' id='word_1_198' title='bbox 2126 1617 2354 1690; x_wconf 63' lang='lat' dir='ltr'><strong><em>&#39;ologica.</em></strong></span> <span class='ocrx_word' id='word_1_199' title='bbox 2379 1619 2620 1675; x_wconf 86' lang='lat' dir='ltr'><strong><em>Scuriaci</em></strong></span> <span class='ocrx_word' id='word_1_200' title='bbox 2662 1634 2795 1674; x_wconf 79' lang='lat' dir='ltr'><strong><em>vero</em></strong></span> <span class='ocrx_word' id='word_1_201' title='bbox 2821 1619 2875 1674; x_wconf 91' lang='lat' dir='ltr'><strong><em>in</em></strong></span> <span class='ocrx_word' id='word_1_202' title='bbox 2932 1622 3100 1692; x_wconf 75' lang='lat' dir='ltr'><strong><em>regia,</em></strong></span> <span class='ocrx_word' id='word_1_203' title='bbox 3125 1621 3371 1691; x_wconf 81' lang='lat' dir='ltr'><strong><em>ejusdem</em></strong></span> <span class='ocrx_word' id='word_1_204' title='bbox 3400 1625 3463 1673; x_wconf 74' lang='lat' dir='ltr'><strong><em>tu</em></strong></span> <span class='ocrx_word' id='word_1_205' title='bbox 3485 1619 3574 1672; x_wconf 74' lang='grc' dir='ltr'>τοῦ</span> <span class='ocrx_word' id='word_1_206' title='bbox 3599 1621 3724 1689; x_wconf 78' lang='grc' dir='ltr'>πρὼ</span> 
     </span>
    </p>
   </div>
   <div class='ocr_carea' id='block_1_19' title="bbox 475 1708 3755 1784">
    <p class='ocr_par' dir='ltr' id='par_1_19' title="bbox 475 1708 3755 1784">
     <span class='ocr_line' id='line_1_19' title="bbox 475 1708 3755 1784; baseline -0.003 -15"><span class='ocrx_word' id='word_1_207' title='bbox 475 1733 574 1770; x_wconf 73' lang='grc' dir='ltr'>του</span> <span class='ocrx_word' id='word_1_208' title='bbox 604 1717 704 1778; x_wconf 85' lang='grc' dir='ltr'><strong><em>τῆς</em></strong></span> <span class='ocrx_word' id='word_1_209' title='bbox 734 1712 1143 1784; x_wconf 83' lang='grc' dir='ltr'>ἁστρονομικῆς</span> <span class='ocrx_word' id='word_1_210' title='bbox 1175 1709 1364 1781; x_wconf 75' lang='grc' dir='ltr'>βίϐλου</span> <span class='ocrx_word' id='word_1_211' title='bbox 1390 1708 1677 1779; x_wconf 84' lang='grc' dir='ltr'>προοίμιον</span> <span class='ocrx_word' id='word_1_212' title='bbox 1708 1711 1785 1772; x_wconf 70' lang='grc' dir='ltr'><strong><em>εἰς</em></strong></span> <span class='ocrx_word' id='word_1_213' title='bbox 1815 1711 1916 1781; x_wconf 64' lang='grc' dir='ltr'>τὴν</span> <span class='ocrx_word' id='word_1_214' title='bbox 1946 1711 2340 1780; x_wconf 74' lang='grc' dir='ltr'><strong><em>ἀστρονομίαν.</em></strong></span> <span class='ocrx_word' id='word_1_215' title='bbox 2377 1710 2443 1763; x_wconf 86' lang='grc' dir='ltr'>Τί</span> <span class='ocrx_word' id='word_1_216' title='bbox 2474 1710 2623 1763; x_wconf 69' lang='grc' dir='ltr'>ἔστιν</span> <span class='ocrx_word' id='word_1_217' title='bbox 2669 1709 3027 1779; x_wconf 75' lang='grc' dir='ltr'><strong><em>ἀστρονομία,</em></strong></span> <span class='ocrx_word' id='word_1_218' title='bbox 3053 1709 3152 1763; x_wconf 77' lang='grc' dir='ltr'>καὶ</span> <span class='ocrx_word' id='word_1_219' title='bbox 3201 1710 3355 1780; x_wconf 78' lang='grc' dir='ltr'>παρὰ</span> <span class='ocrx_word' id='word_1_220' title='bbox 3394 1710 3556 1763; x_wconf 84' lang='grc' dir='ltr'>τίνων</span> <span class='ocrx_word' id='word_1_221' title='bbox 3592 1711 3755 1778; x_wconf 73' lang='grc' dir='ltr'>εὗρε-</span> 
     </span>
    </p>
   </div>
   <div class='ocr_carea' id='block_1_20' title="bbox 479 1794 2077 1877">
    <p class='ocr_par' dir='ltr' id='par_1_20' title="bbox 479 1794 2077 1877">
     <span class='ocr_line' id='line_1_20' title="bbox 479 1794 2077 1877; baseline -0.001 -19"><span class='ocrx_word' id='word_1_222' title='bbox 479 1805 639 1861; x_wconf 78' lang='grc' dir='ltr'>θεῑσα</span> <span class='ocrx_word' id='word_1_223' title='bbox 658 1802 822 1877; x_wconf 75' lang='grc' dir='ltr'>ἢλθεν</span> <span class='ocrx_word' id='word_1_224' title='bbox 854 1805 936 1867; x_wconf 81' lang='grc' dir='ltr'>είς</span> <span class='ocrx_word' id='word_1_225' title='bbox 968 1802 1265 1873; x_wconf 79' lang='grc' dir='ltr'><strong><em>Ἕλληνας.</em></strong></span> <span class='ocrx_word' id='word_1_226' title='bbox 1304 1801 1387 1856; x_wconf 79' lang='lat' dir='ltr'><strong><em>Ex</em></strong></span> <span class='ocrx_word' id='word_1_227' title='bbox 1419 1794 1590 1872; x_wconf 69' lang='lat' dir='ltr'><strong><em>primo</em></strong></span> <span class='ocrx_word' id='word_1_228' title='bbox 1620 1806 1979 1858; x_wconf 83' lang='lat' dir='ltr'><strong><em>astronantico</em></strong></span> <span class='ocrx_word' id='word_1_229' title='bbox 2014 1802 2077 1859; x_wconf 83' lang='lat' dir='ltr'><strong><em>lib</em></strong></span> 
     </span>
    </p>
   </div>
   <div class='ocr_carea' id='block_1_21' title="bbox 2149 1794 3747 1877">
    <p class='ocr_par' dir='ltr' id='par_1_21' title="bbox 2196 1803 3747 1874">
     <span class='ocr_line' id='line_1_21' title="bbox 2196 1803 3747 1874; baseline 0.002 -15"><span class='ocrx_word' id='word_1_230' title='bbox 2196 1804 2507 1874; x_wconf 66' lang='lat' dir='ltr'><strong><em>praemium</em></strong></span> <span class='ocrx_word' id='word_1_231' title='bbox 2547 1805 2599 1858; x_wconf 88' lang='lat' dir='ltr'><strong><em>in</em></strong></span> <span class='ocrx_word' id='word_1_232' title='bbox 2623 1805 3030 1858; x_wconf 80' lang='lat' dir='ltr'><strong><em>astronomiam.</em></strong></span> <span class='ocrx_word' id='word_1_233' title='bbox 3080 1803 3221 1868; x_wconf 80' lang='lat' dir='ltr'><strong><em>Quid</em></strong></span> <span class='ocrx_word' id='word_1_234' title='bbox 3262 1813 3340 1858; x_wconf 83' lang='lat' dir='ltr'><strong><em>est</em></strong></span> <span class='ocrx_word' id='word_1_235' title='bbox 3400 1806 3747 1862; x_wconf 80' lang='lat' dir='ltr'><strong><em>astronomia.</em></strong></span> 
     </span>
    </p>
   </div>
   <div class='ocr_carea' id='block_1_22' title="bbox 479 1894 2077 1972">
    <p class='ocr_par' dir='ltr' id='par_1_22' title="bbox 479 1894 2077 1972">
     <span class='ocr_line' id='line_1_22' title="bbox 479 1894 2077 1972; baseline -0.001 -17"><span class='ocrx_word' id='word_1_236' title='bbox 479 1912 527 1956; x_wconf 90' lang='lat' dir='ltr'><strong><em>et</em></strong></span> <span class='ocrx_word' id='word_1_237' title='bbox 556 1918 589 1956; x_wconf 92' lang='lat' dir='ltr'><strong><em>a</em></strong></span> <span class='ocrx_word' id='word_1_238' title='bbox 610 1902 795 1972; x_wconf 78' lang='lat' dir='ltr'><strong><em>quibus</em></strong></span> <span class='ocrx_word' id='word_1_239' title='bbox 823 1901 1038 1954; x_wconf 84' lang='lat' dir='ltr'><strong><em>inventa</em></strong></span> <span class='ocrx_word' id='word_1_240' title='bbox 1059 1898 1130 1953; x_wconf 91' lang='lat' dir='ltr'><strong><em>ad</em></strong></span> <span class='ocrx_word' id='word_1_241' title='bbox 1160 1897 1372 1953; x_wconf 80' lang='lat' dir='ltr'><strong><em>ercos</em></strong></span> <span class='ocrx_word' id='word_1_242' title='bbox 1398 1896 1652 1969; x_wconf 80' lang='lat' dir='ltr'><strong><em>pervenit.</em></strong></span> <span class='ocrx_word' id='word_1_243' title='bbox 1688 1894 1947 1969; x_wconf 82' lang='lat' dir='ltr'><strong><em>Ejusdem</em></strong></span> <span class='ocrx_word' id='word_1_244' title='bbox 1979 1897 2077 1953; x_wconf 83' lang='lat' dir='ltr'><strong><em>illit</em></strong></span> 
     </span>
    </p>
   </div>
   <div class='ocr_carea' id='block_1_23' title="bbox 2162 1894 3760 1972">
    <p class='ocr_par' dir='ltr' id='par_1_23' title="bbox 2163 1895 3760 1969">
     <span class='ocr_line' id='line_1_23' title="bbox 2163 1895 3760 1969; baseline -0.004 -17"><span class='ocrx_word' id='word_1_245' title='bbox 2163 1912 2297 1969; x_wconf 87' lang='lat' dir='ltr'><strong><em>rope</em></strong></span> <span class='ocrx_word' id='word_1_246' title='bbox 2328 1907 2412 1954; x_wconf 82' lang='lat' dir='ltr'><strong><em>est</em></strong></span> <span class='ocrx_word' id='word_1_247' title='bbox 2452 1896 2878 1968; x_wconf 75' lang='grc' dir='ltr'>’Δστρονομικῆς</span> <span class='ocrx_word' id='word_1_248' title='bbox 2912 1897 3192 1969; x_wconf 77' lang='grc' dir='ltr'>τρισίὸλου</span> <span class='ocrx_word' id='word_1_249' title='bbox 3216 1898 3251 1968; x_wconf 74' lang='grc' dir='ltr'><strong>ἡ</strong></span> <span class='ocrx_word' id='word_1_250' title='bbox 3277 1895 3490 1968; x_wconf 82' lang='grc' dir='ltr'><strong><em>πρώτη,</em></strong></span> <span class='ocrx_word' id='word_1_251' title='bbox 3514 1896 3546 1968; x_wconf 73' lang='grc' dir='ltr'>ἢ</span> <span class='ocrx_word' id='word_1_252' title='bbox 3571 1898 3760 1967; x_wconf 56' lang='lat' dir='ltr'><strong><em>dampn-</em></strong></span> 
     </span>
    </p>
   </div>
   <div class='ocr_carea' id='block_1_24' title="bbox 481 1988 2079 2065">
    <p class='ocr_par' dir='ltr' id='par_1_24' title="bbox 481 1989 2079 2065">
     <span class='ocr_line' id='line_1_24' title="bbox 481 1989 2079 2065; baseline -0.002 -18"><span class='ocrx_word' id='word_1_253' title='bbox 481 1994 693 2065; x_wconf 76' lang='grc' dir='ltr'>φοριῶν</span> <span class='ocrx_word' id='word_1_254' title='bbox 726 1990 1067 2062; x_wconf 75' lang='grc' dir='ltr'><strong><em>εἰσαγωγῆς,</em></strong></span> <span class='ocrx_word' id='word_1_255' title='bbox 1092 1990 1577 2046; x_wconf 76' lang='lat' dir='ltr'><strong><em>astronomicorum</em></strong></span> <span class='ocrx_word' id='word_1_256' title='bbox 1618 1990 1780 2044; x_wconf 80' lang='lat' dir='ltr'><strong><em>trium</em></strong></span> <span class='ocrx_word' id='word_1_257' title='bbox 1819 1989 2079 2045; x_wconf 84' lang='lat' dir='ltr'><strong><em>librorum</em></strong></span> 
     </span>
    </p>
   </div>
   <div class='ocr_carea' id='block_1_25' title="bbox 2164 1988 3762 2065">
    <p class='ocr_par' dir='ltr' id='par_1_25' title="bbox 2164 1988 3762 2056">
     <span class='ocr_line' id='line_1_25' title="bbox 2164 1988 3762 2056; baseline -0.005 -11"><span class='ocrx_word' id='word_1_258' title='bbox 2164 1991 2343 2056; x_wconf 69' lang='lat' dir='ltr'><strong><em>Pimus,</em></strong></span> <span class='ocrx_word' id='word_1_259' title='bbox 2366 1991 2473 2045; x_wconf 81' lang='lat' dir='ltr'><strong><em>sive</em></strong></span> <span class='ocrx_word' id='word_1_260' title='bbox 2501 1990 2565 2044; x_wconf 89' lang='lat' dir='ltr'><strong><em>de</em></strong></span> <span class='ocrx_word' id='word_1_261' title='bbox 2589 1989 2894 2045; x_wconf 74' lang='lat' dir='ltr'><strong><em>calculandi</em></strong></span> <span class='ocrx_word' id='word_1_262' title='bbox 2938 1989 3148 2045; x_wconf 86' lang='lat' dir='ltr'><strong><em>ratione</em></strong></span> <span class='ocrx_word' id='word_1_263' title='bbox 3170 1988 3506 2044; x_wconf 83' lang='lat' dir='ltr'><strong><em>introductio.</em></strong></span> <span class='ocrx_word' id='word_1_264' title='bbox 3544 1989 3607 2044; x_wconf 79' lang='grc' dir='ltr'><strong><em>Ρ.</em></strong></span> <span class='ocrx_word' id='word_1_265' title='bbox 3629 1989 3715 2039; x_wconf 85' lang='grc' dir='ltr'><strong><em>Θε’</em></strong></span> <span class='ocrx_word' id='word_1_266' title='bbox 3732 2002 3762 2051; x_wconf 86' lang='grc' dir='ltr'>ς</span> 
     </span>
    </p>
   </div>
   <div class='ocr_carea' id='block_1_26' title="bbox 481 2085 3764 2162">
    <p class='ocr_par' dir='ltr' id='par_1_26' title="bbox 481 2085 3764 2162">
     <span class='ocr_line' id='line_1_26' title="bbox 481 2085 3764 2162; baseline 0 -21"><span class='ocrx_word' id='word_1_267' title='bbox 481 2089 727 2162; x_wconf 73' lang='grc' dir='ltr'>ἡγείσθω</span> <span class='ocrx_word' id='word_1_268' title='bbox 755 2086 963 2152; x_wconf 79' lang='grc' dir='ltr'>παντὸς</span> <span class='ocrx_word' id='word_1_269' title='bbox 998 2087 1163 2158; x_wconf 68' lang='grc' dir='ltr'>ἔργου</span> <span class='ocrx_word' id='word_1_270' title='bbox 1200 2104 1260 2140; x_wconf 87' lang='grc' dir='ltr'><strong><em>τε</em></strong></span> <span class='ocrx_word' id='word_1_271' title='bbox 1313 2088 1410 2141; x_wconf 76' lang='grc' dir='ltr'><strong><em>καὶ</em></strong></span> <span class='ocrx_word' id='word_1_272' title='bbox 1442 2086 1628 2156; x_wconf 86' lang='grc' dir='ltr'>λόγου,</span> <span class='ocrx_word' id='word_1_273' title='bbox 1662 2086 1797 2159; x_wconf 83' lang='grc' dir='ltr'><strong><em>φησί</em></strong></span> <span class='ocrx_word' id='word_1_274' title='bbox 1827 2103 1912 2150; x_wconf 79' lang='grc' dir='ltr'>τις</span> <span class='ocrx_word' id='word_1_275' title='bbox 1944 2088 2061 2141; x_wconf 75' lang='grc' dir='ltr'>τῶν</span> <span class='ocrx_word' id='word_1_276' title='bbox 2118 2087 2288 2143; x_wconf 82' lang='grc' dir='ltr'>πάλαι</span> <span class='ocrx_word' id='word_1_277' title='bbox 2343 2088 2543 2158; x_wconf 85' lang='grc' dir='ltr'>σοφῶν.</span> <span class='ocrx_word' id='word_1_278' title='bbox 2575 2091 2836 2160; x_wconf 73' lang='grc' dir='ltr'>Δευτέρα,</span> <span class='ocrx_word' id='word_1_279' title='bbox 2869 2089 2903 2161; x_wconf 72' lang='grc' dir='ltr'>ἢ</span> <span class='ocrx_word' id='word_1_280' title='bbox 2933 2085 3304 2160; x_wconf 80' lang='grc' dir='ltr'>ψηφηφοριῶν</span> <span class='ocrx_word' id='word_1_281' title='bbox 3341 2086 3609 2158; x_wconf 74' lang='grc' dir='ltr'><strong><em>ἑρμηνεία</em></strong></span> <span class='ocrx_word' id='word_1_282' title='bbox 3662 2088 3764 2141; x_wconf 68' lang='grc' dir='ltr'>καὶ</span> 
     </span>
    </p>
   </div>
   <div class='ocr_carea' id='block_1_27' title="bbox 483 2177 2081 2267">
    <p class='ocr_par' dir='ltr' id='par_1_27' title="bbox 483 2177 2079 2252">
     <span class='ocr_line' id='line_1_27' title="bbox 483 2177 2079 2252; baseline 0.001 -17"><span class='ocrx_word' id='word_1_283' title='bbox 483 2181 800 2252; x_wconf 70' lang='grc' dir='ltr'>συμφωνία,</span> <span class='ocrx_word' id='word_1_284' title='bbox 829 2179 1111 2244; x_wconf 86' lang='lat' dir='ltr'><strong><em>secundus,</em></strong></span> <span class='ocrx_word' id='word_1_285' title='bbox 1140 2180 1248 2236; x_wconf 77' lang='lat' dir='ltr'><strong><em>sive</em></strong></span> <span class='ocrx_word' id='word_1_286' title='bbox 1274 2177 1587 2235; x_wconf 77' lang='lat' dir='ltr'><strong><em>calculandi</em></strong></span> <span class='ocrx_word' id='word_1_287' title='bbox 1620 2181 1994 2251; x_wconf 83' lang='lat' dir='ltr'><strong><em>interpretatio</em></strong></span> <span class='ocrx_word' id='word_1_288' title='bbox 2027 2190 2079 2238; x_wconf 86' lang='lat' dir='ltr'><strong><em>et</em></strong></span> 
     </span>
    </p>
   </div>
   <div class='ocr_carea' id='block_1_28' title="bbox 2159 2177 3757 2267">
    <p class='ocr_par' dir='ltr' id='par_1_28' title="bbox 2159 2181 3757 2267">
     <span class='ocr_line' id='line_1_28' title="bbox 2159 2181 3757 2267; baseline -0.002 -31"><span class='ocrx_word' id='word_1_289' title='bbox 2159 2183 2420 2237; x_wconf 85' lang='lat' dir='ltr'><strong><em>mcordia.</em></strong></span> <span class='ocrx_word' id='word_1_290' title='bbox 2445 2181 2513 2237; x_wconf 86' lang='grc' dir='ltr'><strong>Ρ.</strong></span> <span class='ocrx_word' id='word_1_291' title='bbox 2547 2183 2683 2237; x_wconf 82' lang='grc' dir='ltr'>Θεοῦ</span> <span class='ocrx_word' id='word_1_292' title='bbox 2723 2183 3116 2255; x_wconf 83' lang='grc' dir='ltr'>συναιρομένου</span> <span class='ocrx_word' id='word_1_293' title='bbox 3159 2182 3320 2267; x_wconf 73' lang='grc' dir='ltr'>τοῦτο</span> <span class='ocrx_word' id='word_1_294' title='bbox 3348 2183 3457 2236; x_wconf 78' lang='grc' dir='ltr'><strong><em>πᾶν</em></strong></span> <span class='ocrx_word' id='word_1_295' title='bbox 3480 2184 3538 2235; x_wconf 66' lang='grc' dir='ltr'>ἐν</span> <span class='ocrx_word' id='word_1_296' title='bbox 3595 2183 3757 2252; x_wconf 70' lang='grc' dir='ltr'>σοφίᾳ</span> 
     </span>
    </p>
   </div>
   <div class='ocr_carea' id='block_1_29' title="bbox 481 2275 2079 2352">
    <p class='ocr_par' dir='ltr' id='par_1_29' title="bbox 481 2275 2079 2350">
     <span class='ocr_line' id='line_1_29' title="bbox 481 2275 2079 2350; baseline -0.001 -17"><span class='ocrx_word' id='word_1_297' title='bbox 481 2278 875 2347; x_wconf 76' lang='grc' dir='ltr'><strong><em>πεποιηκότος,</em></strong></span> <span class='ocrx_word' id='word_1_298' title='bbox 906 2278 1000 2331; x_wconf 87' lang='grc' dir='ltr'><strong><em>τόν</em></strong></span> <span class='ocrx_word' id='word_1_299' title='bbox 1022 2293 1084 2331; x_wconf 87' lang='grc' dir='ltr'><strong><em>τε</em></strong></span> <span class='ocrx_word' id='word_1_300' title='bbox 1112 2275 1425 2348; x_wconf 80' lang='grc' dir='ltr'>ἄνθρωπον.</span> <span class='ocrx_word' id='word_1_301' title='bbox 1460 2277 1661 2348; x_wconf 80' lang='grc' dir='ltr'>Τρίτη,</span> <span class='ocrx_word' id='word_1_302' title='bbox 1698 2277 1730 2348; x_wconf 80' lang='grc' dir='ltr'>ἢ</span> <span class='ocrx_word' id='word_1_303' title='bbox 1770 2277 2079 2350; x_wconf 76' lang='grc' dir='ltr'>ψηφηφοριὶ</span> 
     </span>
    </p>
   </div>
   <div class='ocr_carea' id='block_1_30' title="bbox 2161 2275 3759 2352">
    <p class='ocr_par' dir='ltr' id='par_1_30' title="bbox 2175 2277 3759 2352">
     <span class='ocr_line' id='line_1_30' title="bbox 2175 2277 3759 2352; baseline -0.001 -19"><span class='ocrx_word' id='word_1_304' title='bbox 2175 2279 2315 2333; x_wconf 85' lang='grc' dir='ltr'>κατὰ</span> <span class='ocrx_word' id='word_1_305' title='bbox 2343 2279 2558 2352; x_wconf 76' lang='grc' dir='ltr'>Πέρσας</span> <span class='ocrx_word' id='word_1_306' title='bbox 2581 2278 2848 2346; x_wconf 80' lang='grc' dir='ltr'><strong><em>διάταξις,</em></strong></span> <span class='ocrx_word' id='word_1_307' title='bbox 2894 2280 3225 2345; x_wconf 73' lang='lat' dir='ltr'><strong><em>tertius,sise</em></strong></span> <span class='ocrx_word' id='word_1_308' title='bbox 3274 2277 3420 2333; x_wconf 86' lang='lat' dir='ltr'><strong><em>modi</em></strong></span> <span class='ocrx_word' id='word_1_309' title='bbox 3451 2277 3759 2332; x_wconf 67' lang='lat' dir='ltr'><strong><em>calculandi</em></strong></span> 
     </span>
    </p>
   </div>
   <div class='ocr_carea' id='block_1_31' title="bbox 483 2361 2081 2440">
    <p class='ocr_par' dir='ltr' id='par_1_31' title="bbox 483 2365 2075 2439">
     <span class='ocr_line' id='line_1_31' title="bbox 483 2365 2075 2439; baseline -0.001 -17"><span class='ocrx_word' id='word_1_310' title='bbox 483 2367 774 2422; x_wconf 79' lang='lat' dir='ltr'><strong><em>secundum</em></strong></span> <span class='ocrx_word' id='word_1_311' title='bbox 833 2365 1028 2421; x_wconf 84' lang='lat' dir='ltr'><strong><em>Persas</em></strong></span> <span class='ocrx_word' id='word_1_312' title='bbox 1087 2365 1396 2439; x_wconf 69' lang='lat' dir='ltr'><strong><em>descriptio.</em></strong></span> <span class='ocrx_word' id='word_1_313' title='bbox 1446 2365 1513 2419; x_wconf 88' lang='lat' dir='ltr'><strong><em>P.</em></strong></span> <span class='ocrx_word' id='word_1_314' title='bbox 1568 2365 1800 2433; x_wconf 79' lang='grc' dir='ltr'>Τριάδος</span> <span class='ocrx_word' id='word_1_315' title='bbox 1853 2367 1956 2436; x_wconf 82' lang='grc' dir='ltr'><strong><em>τῆς</em></strong></span> <span class='ocrx_word' id='word_1_316' title='bbox 2001 2386 2075 2437; x_wconf 86' lang='grc' dir='ltr'><strong><em>μα</em></strong></span> 
     </span>
    </p>
   </div>
   <div class='ocr_carea' id='block_1_32' title="bbox 2156 2361 3754 2440">
    <p class='ocr_par' dir='ltr' id='par_1_32' title="bbox 2157 2361 3754 2440">
     <span class='ocr_line' id='line_1_32' title="bbox 2157 2361 3754 2440; baseline -0.002 -19"><span class='ocrx_word' id='word_1_317' title='bbox 2157 2368 2281 2439; x_wconf 79' lang='lat' dir='ltr'><strong><em>pia;</em></strong></span> <span class='ocrx_word' id='word_1_318' title='bbox 2321 2369 2731 2440; x_wconf 83' lang='grc' dir='ltr'>παντοδυνάμου</span> <span class='ocrx_word' id='word_1_319' title='bbox 2774 2386 2835 2422; x_wconf 82' lang='grc' dir='ltr'><strong><em>τε</em></strong></span> <span class='ocrx_word' id='word_1_320' title='bbox 2889 2368 2983 2422; x_wconf 82' lang='grc' dir='ltr'>καὶ</span> <span class='ocrx_word' id='word_1_321' title='bbox 3041 2368 3204 2437; x_wconf 71' lang='grc' dir='ltr'>ἁγίας</span> <span class='ocrx_word' id='word_1_322' title='bbox 3268 2368 3361 2422; x_wconf 78' lang='grc' dir='ltr'>καὶ</span> <span class='ocrx_word' id='word_1_323' title='bbox 3417 2361 3754 2437; x_wconf 70' lang='grc' dir='ltr'>ζωαρχικῆςζ</span> 
     </span>
    </p>
   </div>
   <div class='ocr_carea' id='block_1_33' title="bbox 486 2456 3754 2533">
    <p class='ocr_par' dir='ltr' id='par_1_33' title="bbox 486 2456 3754 2533">
     <span class='ocr_line' id='line_1_33' title="bbox 486 2456 3754 2533; baseline -0.002 -17"><span class='ocrx_word' id='word_1_324' title='bbox 486 2467 887 2533; x_wconf 79' lang='lat' dir='ltr'><strong><em>Argumentum</em></strong></span> <span class='ocrx_word' id='word_1_325' title='bbox 924 2457 1123 2511; x_wconf 80' lang='lat' dir='ltr'><strong><em>harum</em></strong></span> <span class='ocrx_word' id='word_1_326' title='bbox 1184 2457 1451 2511; x_wconf 86' lang='lat' dir='ltr'><strong><em>librorum</em></strong></span> <span class='ocrx_word' id='word_1_327' title='bbox 1504 2456 1650 2512; x_wconf 90' lang='lat' dir='ltr'><strong><em>idem</em></strong></span> <span class='ocrx_word' id='word_1_328' title='bbox 1701 2468 1894 2513; x_wconf 83' lang='lat' dir='ltr'><strong><em>auctor</em></strong></span> <span class='ocrx_word' id='word_1_329' title='bbox 1969 2461 2029 2516; x_wconf 85' lang='lat' dir='ltr'><strong><em>iu</em></strong></span> <span class='ocrx_word' id='word_1_330' title='bbox 2093 2461 2362 2530; x_wconf 69' lang='grc' dir='ltr'>ιιι-θωπιῖο</span> <span class='ocrx_word' id='word_1_331' title='bbox 2411 2462 2537 2517; x_wconf 87' lang='lat' dir='ltr'><strong><em>libri</em></strong></span> <span class='ocrx_word' id='word_1_332' title='bbox 2572 2463 2717 2517; x_wconf 86' lang='lat' dir='ltr'><strong><em>tertii</em></strong></span> <span class='ocrx_word' id='word_1_333' title='bbox 2777 2462 2926 2517; x_wconf 86' lang='lat' dir='ltr'><strong><em>hunc</em></strong></span> <span class='ocrx_word' id='word_1_334' title='bbox 2984 2462 3039 2517; x_wconf 87' lang='lat' dir='ltr'><strong><em>in</em></strong></span> <span class='ocrx_word' id='word_1_335' title='bbox 3094 2460 3317 2517; x_wconf 89' lang='lat' dir='ltr'><strong><em>modum</em></strong></span> <span class='ocrx_word' id='word_1_336' title='bbox 3353 2461 3698 2531; x_wconf 86' lang='lat' dir='ltr'><strong><em>prosequitur</em></strong></span> <span class='ocrx_word' id='word_1_337' title='bbox 3735 2477 3754 2511; x_wconf 70' lang='grc' dir='ltr'><strong><em>ι</em></strong></span> 
     </span>
    </p>
   </div>
   <div class='ocr_carea' id='block_1_34' title="bbox 488 2543 3765 2623">
    <p class='ocr_par' dir='ltr' id='par_1_34' title="bbox 488 2543 3765 2623">
     <span class='ocr_line' id='line_1_34' title="bbox 488 2543 3765 2623; baseline -0 -22"><span class='ocrx_word' id='word_1_338' title='bbox 488 2550 594 2601; x_wconf 80' lang='grc' dir='ltr'><strong><em>’Ἐν</em></strong></span> <span class='ocrx_word' id='word_1_339' title='bbox 617 2549 717 2619; x_wconf 78' lang='grc' dir='ltr'><strong><em>μὲν</em></strong></span> <span class='ocrx_word' id='word_1_340' title='bbox 756 2546 832 2614; x_wconf 81' lang='grc' dir='ltr'>τῷ</span> <span class='ocrx_word' id='word_1_341' title='bbox 857 2546 1063 2613; x_wconf 79' lang='grc' dir='ltr'>πρώτῳ</span> <span class='ocrx_word' id='word_1_342' title='bbox 1086 2543 1188 2612; x_wconf 82' lang='grc' dir='ltr'><strong><em>τῆς</em></strong></span> <span class='ocrx_word' id='word_1_343' title='bbox 1216 2544 1625 2615; x_wconf 70' lang='grc' dir='ltr'>ἀπρονομικῆς</span> <span class='ocrx_word' id='word_1_344' title='bbox 1650 2545 1936 2615; x_wconf 77' lang='grc' dir='ltr'>τριὸίόλου</span> <span class='ocrx_word' id='word_1_345' title='bbox 1960 2548 2060 2617; x_wconf 82' lang='grc' dir='ltr'>τὴν</span> <span class='ocrx_word' id='word_1_346' title='bbox 2086 2547 2464 2619; x_wconf 74' lang='grc' dir='ltr'>ψηφηφοριῶν</span> <span class='ocrx_word' id='word_1_347' title='bbox 2491 2550 2806 2623; x_wconf 77' lang='grc' dir='ltr'>είσαγωγὴν</span> <span class='ocrx_word' id='word_1_348' title='bbox 2863 2549 3295 2621; x_wconf 76' lang='grc' dir='ltr'>διαγράψαντεςο</span> <span class='ocrx_word' id='word_1_349' title='bbox 3335 2550 3397 2602; x_wconf 70' lang='grc' dir='ltr'><strong><em>ιν</em></strong></span> <span class='ocrx_word' id='word_1_350' title='bbox 3432 2548 3490 2603; x_wconf 70' lang='grc' dir='ltr'>δὲ</span> <span class='ocrx_word' id='word_1_351' title='bbox 3534 2547 3765 2617; x_wconf 57' lang='grc' dir='ltr'>δευτέρα</span> 
     </span>
    </p>
   </div>
   <div class='ocr_carea' id='block_1_35' title="bbox 492 2634 3760 2711">
    <p class='ocr_par' dir='ltr' id='par_1_35' title="bbox 492 2634 3760 2711">
     <span class='ocr_line' id='line_1_35' title="bbox 492 2634 3760 2711; baseline -0.001 -21"><span class='ocrx_word' id='word_1_352' title='bbox 492 2640 592 2701; x_wconf 76' lang='grc' dir='ltr'>τὰς</span> <span class='ocrx_word' id='word_1_353' title='bbox 626 2638 722 2706; x_wconf 75' lang='grc' dir='ltr'><strong><em>τῆς</em></strong></span> <span class='ocrx_word' id='word_1_354' title='bbox 761 2634 1154 2705; x_wconf 68' lang='grc' dir='ltr'><strong><em>μαθηματικῆς</em></strong></span> <span class='ocrx_word' id='word_1_355' title='bbox 1196 2634 1292 2686; x_wconf 62' lang='grc' dir='ltr'><strong><em>καὶ</em></strong></span> <span class='ocrx_word' id='word_1_356' title='bbox 1325 2635 1575 2704; x_wconf 82' lang='grc' dir='ltr'><strong><em>μεγάλης</em></strong></span> <span class='ocrx_word' id='word_1_357' title='bbox 1607 2634 1913 2699; x_wconf 80' lang='grc' dir='ltr'>συντάξεως</span> <span class='ocrx_word' id='word_1_358' title='bbox 1958 2636 2323 2708; x_wconf 66' lang='grc' dir='ltr'><strong><em>ψηφηφορὶας</em></strong></span> <span class='ocrx_word' id='word_1_359' title='bbox 2356 2638 2426 2691; x_wconf 86' lang='grc' dir='ltr'>δι’</span> <span class='ocrx_word' id='word_1_360' title='bbox 2480 2640 2769 2711; x_wconf 77' lang='grc' dir='ltr'>ἀκριϐείας</span> <span class='ocrx_word' id='word_1_361' title='bbox 2804 2639 2878 2703; x_wconf 80' lang='grc' dir='ltr'><strong><em>ὡς</em></strong></span> <span class='ocrx_word' id='word_1_362' title='bbox 2915 2639 3065 2711; x_wconf 76' lang='grc' dir='ltr'>ἐνῆν,</span> <span class='ocrx_word' id='word_1_363' title='bbox 3112 2638 3500 2710; x_wconf 76' lang='grc' dir='ltr'>ἐφοδεύοαντες</span> <span class='ocrx_word' id='word_1_364' title='bbox 3534 2636 3629 2699; x_wconf 70' lang='grc' dir='ltr'><strong><em>ἅμ’</em></strong></span> <span class='ocrx_word' id='word_1_365' title='bbox 3664 2637 3760 2689; x_wconf 70' lang='grc' dir='ltr'><strong><em>αὖ·</em></strong></span> 
     </span>
    </p>
   </div>
   <div class='ocr_carea' id='block_1_36' title="bbox 486 2712 3756 2799">
    <p class='ocr_par' dir='ltr' id='par_1_36' title="bbox 486 2712 3756 2799">
     <span class='ocr_line' id='line_1_36' title="bbox 486 2712 3756 2799; baseline -0 -21"><span class='ocrx_word' id='word_1_366' title='bbox 486 2728 609 2788; x_wconf 78' lang='grc' dir='ltr'>ταῖς</span> <span class='ocrx_word' id='word_1_367' title='bbox 639 2726 733 2776; x_wconf 82' lang='grc' dir='ltr'>καὶ</span> <span class='ocrx_word' id='word_1_368' title='bbox 756 2722 855 2775; x_wconf 70' lang='grc' dir='ltr'><strong><em>τὰς</em></strong></span> <span class='ocrx_word' id='word_1_369' title='bbox 880 2716 990 2774; x_wconf 69' lang='grc' dir='ltr'><strong><em>τῶν</em></strong></span> <span class='ocrx_word' id='word_1_370' title='bbox 1015 2714 1330 2791; x_wconf 66' lang='grc' dir='ltr'>προχείρων</span> <span class='ocrx_word' id='word_1_371' title='bbox 1356 2721 1425 2773; x_wconf 82' lang='grc' dir='ltr'>δι’</span> <span class='ocrx_word' id='word_1_372' title='bbox 1451 2720 1873 2791; x_wconf 69' lang='grc' dir='ltr'><strong><em>ὑποδειγμάτων</em></strong></span> <span class='ocrx_word' id='word_1_373' title='bbox 1903 2722 2188 2793; x_wconf 71' lang='grc' dir='ltr'>ὲκθέμενοι</span> <span class='ocrx_word' id='word_1_374' title='bbox 2211 2726 2306 2780; x_wconf 79' lang='grc' dir='ltr'>καὶ</span> <span class='ocrx_word' id='word_1_375' title='bbox 2330 2725 2429 2795; x_wconf 80' lang='grc' dir='ltr'>τὴν</span> <span class='ocrx_word' id='word_1_376' title='bbox 2468 2728 2675 2780; x_wconf 80' lang='grc' dir='ltr'>τούτων</span> <span class='ocrx_word' id='word_1_377' title='bbox 2709 2712 3033 2798; x_wconf 62' lang='grc' dir='ltr'>συμφωνίαν</span> <span class='ocrx_word' id='word_1_378' title='bbox 3054 2727 3301 2799; x_wconf 77' lang='grc' dir='ltr'>ἀκρισῶς</span> <span class='ocrx_word' id='word_1_379' title='bbox 3343 2724 3714 2791; x_wconf 79' lang='grc' dir='ltr'>ὑποδείξαντες</span> <span class='ocrx_word' id='word_1_380' title='bbox 3741 2742 3756 2754; x_wconf 88' lang='grc'><strong>·</strong></span> 
     </span>
    </p>
   </div>
   <div class='ocr_carea' id='block_1_37' title="bbox 486 2807 3758 2887">
    <p class='ocr_par' dir='ltr' id='par_1_37' title="bbox 486 2807 3758 2887">
     <span class='ocr_line' id='line_1_37' title="bbox 486 2807 3758 2887; baseline -0 -22"><span class='ocrx_word' id='word_1_381' title='bbox 486 2811 722 2865; x_wconf 80' lang='grc' dir='ltr'>ἐνταῦθα</span> <span class='ocrx_word' id='word_1_382' title='bbox 746 2812 804 2863; x_wconf 71' lang='grc' dir='ltr'>ἐν</span> <span class='ocrx_word' id='word_1_383' title='bbox 834 2812 902 2879; x_wconf 75' lang='grc' dir='ltr'>τῇ</span> <span class='ocrx_word' id='word_1_384' title='bbox 934 2810 1098 2879; x_wconf 76' lang='grc' dir='ltr'>τρίτῃ</span> <span class='ocrx_word' id='word_1_385' title='bbox 1132 2808 1336 2877; x_wconf 72' lang='grc' dir='ltr'>δηλαδὴ</span> <span class='ocrx_word' id='word_1_386' title='bbox 1370 2807 1466 2861; x_wconf 75' lang='grc' dir='ltr'>καὶ</span> <span class='ocrx_word' id='word_1_387' title='bbox 1492 2807 1659 2878; x_wconf 76' lang='grc' dir='ltr'>λοιπῇ</span> <span class='ocrx_word' id='word_1_388' title='bbox 1683 2809 1792 2860; x_wconf 80' lang='grc' dir='ltr'><strong><em>τῶν</em></strong></span> <span class='ocrx_word' id='word_1_389' title='bbox 1827 2808 2205 2878; x_wconf 79' lang='grc' dir='ltr'><strong><em>ὑποκειμένων</em></strong></span> <span class='ocrx_word' id='word_1_390' title='bbox 2228 2814 2328 2876; x_wconf 80' lang='grc' dir='ltr'><strong><em>τὰς</em></strong></span> <span class='ocrx_word' id='word_1_391' title='bbox 2372 2814 2485 2868; x_wconf 84' lang='grc' dir='ltr'>τῶν</span> <span class='ocrx_word' id='word_1_392' title='bbox 2543 2815 2832 2887; x_wconf 83' lang='grc' dir='ltr'><strong><em>Περσικῶν</em></strong></span> <span class='ocrx_word' id='word_1_393' title='bbox 2877 2817 3188 2887; x_wconf 83' lang='grc' dir='ltr'><strong><em>προχείρων</em></strong></span> <span class='ocrx_word' id='word_1_394' title='bbox 3217 2813 3459 2870; x_wconf 78' lang='grc' dir='ltr'>κανόνων</span> <span class='ocrx_word' id='word_1_395' title='bbox 3502 2812 3758 2883; x_wconf 66' lang='grc' dir='ltr'><strong><em>ψηφηιξο-</em></strong></span> 
     </span>
    </p>
   </div>
   <div class='ocr_carea' id='block_1_38' title="bbox 458 2895 3760 2976">
    <p class='ocr_par' dir='ltr' id='par_1_38' title="bbox 458 2895 3760 2976">
     <span class='ocr_line' id='line_1_38' title="bbox 458 2895 3760 2976; baseline -0.001 -22"><span class='ocrx_word' id='word_1_396' title='bbox 458 2954 469 2963; x_wconf 77' lang='grc'><strong><em>,</em></strong></span> <span class='ocrx_word' id='word_1_397' title='bbox 490 2904 611 2970; x_wconf 73' lang='lat' dir='ltr'><strong><em>pla;</em></strong></span> <span class='ocrx_word' id='word_1_398' title='bbox 638 2898 999 2970; x_wconf 77' lang='grc' dir='ltr'>προήχθημεν</span> <span class='ocrx_word' id='word_1_399' title='bbox 1026 2895 1428 2962; x_wconf 66' lang='grc' dir='ltr'>ἀνατάξασθαι,</span> <span class='ocrx_word' id='word_1_400' title='bbox 1459 2898 1563 2969; x_wconf 70' lang='grc' dir='ltr'><strong><em>ἤδη</em></strong></span> <span class='ocrx_word' id='word_1_401' title='bbox 1597 2898 1699 2969; x_wconf 81' lang='grc' dir='ltr'><strong><em>μὲν</em></strong></span> <span class='ocrx_word' id='word_1_402' title='bbox 1729 2898 1915 2963; x_wconf 77' lang='grc' dir='ltr'>ἄλλοις</span> <span class='ocrx_word' id='word_1_403' title='bbox 1945 2899 2415 2970; x_wconf 80' lang='grc' dir='ltr'>ἐσπουδασμένας,</span> <span class='ocrx_word' id='word_1_404' title='bbox 2444 2902 2693 2968; x_wconf 80' lang='grc' dir='ltr'>πλείονος</span> <span class='ocrx_word' id='word_1_405' title='bbox 2719 2903 2778 2959; x_wconf 62' lang='grc' dir='ltr'>δὲ</span> <span class='ocrx_word' id='word_1_406' title='bbox 2808 2905 2961 2976; x_wconf 81' lang='grc' dir='ltr'>ὅμως</span> <span class='ocrx_word' id='word_1_407' title='bbox 3005 2904 3273 2975; x_wconf 69' lang='grc' dir='ltr'>διομινας</span> <span class='ocrx_word' id='word_1_408' title='bbox 3307 2903 3406 2974; x_wconf 71' lang='grc' dir='ltr'><strong><em>τῆς</em></strong></span> <span class='ocrx_word' id='word_1_409' title='bbox 3436 2902 3760 2971; x_wconf 71' lang='grc' dir='ltr'>σαφηνείαε,</span> 
     </span>
    </p>
   </div>
   <div class='ocr_carea' id='block_1_39' title="bbox 489 2986 3763 3063">
    <p class='ocr_par' dir='ltr' id='par_1_39' title="bbox 489 2986 3763 3063">
     <span class='ocr_line' id='line_1_39' title="bbox 489 2986 3763 3063; baseline -0.001 -20"><span class='ocrx_word' id='word_1_410' title='bbox 489 2994 583 3043; x_wconf 72' lang='grc' dir='ltr'><strong><em>καὶ</em></strong></span> <span class='ocrx_word' id='word_1_411' title='bbox 611 2988 851 3057; x_wconf 80' lang='grc' dir='ltr'>μάλιστα</span> <span class='ocrx_word' id='word_1_412' title='bbox 876 2987 954 3054; x_wconf 77' lang='grc' dir='ltr'>τῷ</span> <span class='ocrx_word' id='word_1_413' title='bbox 987 2986 1062 3057; x_wconf 78' lang='grc' dir='ltr'>μὴ</span> <span class='ocrx_word' id='word_1_414' title='bbox 1093 2988 1235 3039; x_wconf 78' lang='grc' dir='ltr'><strong><em>κατά</em></strong></span> <span class='ocrx_word' id='word_1_415' title='bbox 1259 2988 1359 3056; x_wconf 76' lang='grc' dir='ltr'>τὴν</span> <span class='ocrx_word' id='word_1_416' title='bbox 1391 2991 1785 3056; x_wconf 83' lang='grc' dir='ltr'>προσήκουσαν</span> <span class='ocrx_word' id='word_1_417' title='bbox 1814 2988 2007 3048; x_wconf 70' lang='grc' dir='ltr'>αὑταῖς</span> <span class='ocrx_word' id='word_1_418' title='bbox 2044 2989 2344 3059; x_wconf 73' lang='grc' dir='ltr'>ἑρμηνείαν</span> <span class='ocrx_word' id='word_1_419' title='bbox 2374 2990 2497 3043; x_wconf 88' lang='grc' dir='ltr'>καθ’</span> <span class='ocrx_word' id='word_1_420' title='bbox 2548 2991 2821 3063; x_wconf 77' lang='grc' dir='ltr'><strong><em>Ἕλληνας</em></strong></span> <span class='ocrx_word' id='word_1_421' title='bbox 2854 2991 3188 3057; x_wconf 70' lang='grc' dir='ltr'>ἐκδεδόσθαι,</span> <span class='ocrx_word' id='word_1_422' title='bbox 3234 2989 3303 3052; x_wconf 74' lang='grc' dir='ltr'>ἃς</span> <span class='ocrx_word' id='word_1_423' title='bbox 3358 2989 3540 3059; x_wconf 76' lang='grc' dir='ltr'>ἡμεῖς,</span> <span class='ocrx_word' id='word_1_424' title='bbox 3577 2988 3653 3052; x_wconf 84' lang='grc' dir='ltr'><strong><em>ὼς</em></strong></span> <span class='ocrx_word' id='word_1_425' title='bbox 3694 2987 3763 3040; x_wconf 79' lang='grc' dir='ltr'><strong><em>ἂν</em></strong></span> 
     </span>
    </p>
   </div>
   <div class='ocr_carea' id='block_1_40' title="bbox 486 3070 3765 3151">
    <p class='ocr_par' dir='ltr' id='par_1_40' title="bbox 486 3070 3765 3151">
     <span class='ocr_line' id='line_1_40' title="bbox 486 3070 3765 3151; baseline -0.002 -21"><span class='ocrx_word' id='word_1_426' title='bbox 486 3074 587 3130; x_wconf 81' lang='grc' dir='ltr'>οἷοί</span> <span class='ocrx_word' id='word_1_427' title='bbox 614 3094 672 3129; x_wconf 86' lang='grc' dir='ltr'><strong><em>τε</em></strong></span> <span class='ocrx_word' id='word_1_428' title='bbox 701 3070 853 3145; x_wconf 78' lang='grc' dir='ltr'>ὦμεν</span> <span class='ocrx_word' id='word_1_429' title='bbox 887 3075 1132 3126; x_wconf 67' lang='grc' dir='ltr'>ἐκθεῖναι</span> <span class='ocrx_word' id='word_1_430' title='bbox 1159 3075 1344 3142; x_wconf 67' lang='grc' dir='ltr'>σαφῶς</span> <span class='ocrx_word' id='word_1_431' title='bbox 1378 3073 1785 3144; x_wconf 73' lang='grc' dir='ltr'>πειρασόμεθα,</span> <span class='ocrx_word' id='word_1_432' title='bbox 1819 3075 1916 3127; x_wconf 74' lang='grc' dir='ltr'><strong><em>καὶ</em></strong></span> <span class='ocrx_word' id='word_1_433' title='bbox 1945 3074 2012 3143; x_wconf 81' lang='grc' dir='ltr'>δὴ</span> <span class='ocrx_word' id='word_1_434' title='bbox 2036 3076 2250 3140; x_wconf 73' lang='grc' dir='ltr'>καὶτὰς</span> <span class='ocrx_word' id='word_1_435' title='bbox 2272 3077 2380 3151; x_wconf 85' lang='grc' dir='ltr'><strong><em>τῶν</em></strong></span> <span class='ocrx_word' id='word_1_436' title='bbox 2412 3078 2659 3133; x_wconf 86' lang='grc' dir='ltr'>κανόνων</span> <span class='ocrx_word' id='word_1_437' title='bbox 2686 3079 3008 3150; x_wconf 67' lang='grc' dir='ltr'>ἐπιγραφὰς</span> <span class='ocrx_word' id='word_1_438' title='bbox 3041 3077 3429 3147; x_wconf 69' lang='grc' dir='ltr'>ὲπιγράψομεν</span> <span class='ocrx_word' id='word_1_439' title='bbox 3451 3075 3765 3135; x_wconf 68' lang='grc' dir='ltr'>ἀκολούθως</span> 
     </span>
    </p>
   </div>
   <div class='ocr_carea' id='block_1_41' title="bbox 485 3161 3765 3237">
    <p class='ocr_par' dir='ltr' id='par_1_41' title="bbox 485 3161 3765 3237">
     <span class='ocr_line' id='line_1_41' title="bbox 485 3161 3765 3237; baseline -0.004 -10"><span class='ocrx_word' id='word_1_440' title='bbox 485 3167 603 3229; x_wconf 82' lang='grc' dir='ltr'>τοῖς</span> <span class='ocrx_word' id='word_1_441' title='bbox 624 3165 920 3234; x_wconf 80' lang='grc' dir='ltr'>ἡμετέροις</span> <span class='ocrx_word' id='word_1_442' title='bbox 949 3162 1027 3232; x_wconf 71' lang='grc'><strong><em>(1)</em></strong></span> <span class='ocrx_word' id='word_1_443' title='bbox 1060 3161 1195 3217; x_wconf 78' lang='lat' dir='ltr'><strong><em>Cum</em></strong></span> <span class='ocrx_word' id='word_1_444' title='bbox 1232 3163 1707 3216; x_wconf 81' lang='lat' dir='ltr'><strong><em>astronomicornm</em></strong></span> <span class='ocrx_word' id='word_1_445' title='bbox 1746 3165 1904 3217; x_wconf 82' lang='lat' dir='ltr'><strong><em>trium</em></strong></span> <span class='ocrx_word' id='word_1_446' title='bbox 1935 3162 2193 3218; x_wconf 87' lang='lat' dir='ltr'><strong><em>librorum</em></strong></span> <span class='ocrx_word' id='word_1_447' title='bbox 2218 3167 2272 3219; x_wconf 85' lang='lat' dir='ltr'><strong><em>in</em></strong></span> <span class='ocrx_word' id='word_1_448' title='bbox 2308 3168 2478 3237; x_wconf 89' lang='lat' dir='ltr'><strong><em>primo</em></strong></span> <span class='ocrx_word' id='word_1_449' title='bbox 2511 3167 2815 3222; x_wconf 89' lang='lat' dir='ltr'><strong><em>calculandi</em></strong></span> <span class='ocrx_word' id='word_1_450' title='bbox 2845 3168 3069 3221; x_wconf 86' lang='lat' dir='ltr'><strong><em>rationis</em></strong></span> <span class='ocrx_word' id='word_1_451' title='bbox 3090 3164 3536 3221; x_wconf 86' lang='lat' dir='ltr'><strong><em>introductionem</em></strong></span> <span class='ocrx_word' id='word_1_452' title='bbox 3565 3164 3765 3217; x_wconf 86' lang='lat' dir='ltr'><strong><em>descri-</em></strong></span> 
     </span>
    </p>
   </div>
   <div class='ocr_carea' id='block_1_42' title="bbox 488 3249 3763 3325">
    <p class='ocr_par' dir='ltr' id='par_1_42' title="bbox 488 3249 3763 3325">
     <span class='ocr_line' id='line_1_42' title="bbox 488 3249 3763 3325; baseline -0.001 -17"><span class='ocrx_word' id='word_1_453' title='bbox 488 3255 785 3323; x_wconf 86' lang='lat' dir='ltr'><strong><em>pserimus;</em></strong></span> <span class='ocrx_word' id='word_1_454' title='bbox 818 3251 873 3303; x_wconf 91' lang='lat' dir='ltr'><strong><em>in</em></strong></span> <span class='ocrx_word' id='word_1_455' title='bbox 923 3249 1153 3303; x_wconf 88' lang='lat' dir='ltr'><strong><em>secundo</em></strong></span> <span class='ocrx_word' id='word_1_456' title='bbox 1178 3265 1298 3303; x_wconf 73' lang='lat' dir='ltr'><strong><em>vero</em></strong></span> <span class='ocrx_word' id='word_1_457' title='bbox 1334 3250 1718 3303; x_wconf 71' lang='lat' dir='ltr'><strong><em>mathematica:</em></strong></span> <span class='ocrx_word' id='word_1_458' title='bbox 1749 3265 1955 3320; x_wconf 67' lang='lat' dir='ltr'><strong><em>magna</em></strong></span> <span class='ocrx_word' id='word_1_459' title='bbox 2004 3254 2415 3325; x_wconf 85' lang='lat' dir='ltr'><strong><em>constructionis</em></strong></span> <span class='ocrx_word' id='word_1_460' title='bbox 2430 3254 2735 3309; x_wconf 86' lang='lat' dir='ltr'><strong><em>calculandi</em></strong></span> <span class='ocrx_word' id='word_1_461' title='bbox 2791 3257 3024 3309; x_wconf 81' lang='lat' dir='ltr'><strong><em>rationes</em></strong></span> <span class='ocrx_word' id='word_1_462' title='bbox 3083 3261 3352 3318; x_wconf 88' lang='lat' dir='ltr'><strong><em>accurate,</em></strong></span> <span class='ocrx_word' id='word_1_463' title='bbox 3388 3262 3448 3307; x_wconf 90' lang='lat' dir='ltr'><strong><em>ut</em></strong></span> <span class='ocrx_word' id='word_1_464' title='bbox 3480 3254 3763 3324; x_wconf 79' lang='lat' dir='ltr'><strong><em>potuimus,</em></strong></span> 
     </span>
    </p>
   </div>
   <div class='ocr_carea' id='block_1_43' title="bbox 488 3331 3763 3413">
    <p class='ocr_par' dir='ltr' id='par_1_43' title="bbox 488 3331 3763 3413">
     <span class='ocr_line' id='line_1_43' title="bbox 488 3331 3763 3413; baseline -0.001 -19"><span class='ocrx_word' id='word_1_465' title='bbox 488 3340 878 3412; x_wconf 80' lang='lat' dir='ltr'><strong><em>digesserimus,</em></strong></span> <span class='ocrx_word' id='word_1_466' title='bbox 913 3353 1021 3390; x_wconf 77' lang='lat' dir='ltr'><strong><em>una</em></strong></span> <span class='ocrx_word' id='word_1_467' title='bbox 1055 3348 1173 3390; x_wconf 80' lang='lat' dir='ltr'><strong><em>cum</em></strong></span> <span class='ocrx_word' id='word_1_468' title='bbox 1215 3334 1347 3396; x_wconf 87' lang='lat' dir='ltr'><strong><em>illis,</em></strong></span> <span class='ocrx_word' id='word_1_469' title='bbox 1379 3331 1469 3406; x_wconf 77' lang='lat' dir='ltr'><strong><em>qui</em></strong></span> <span class='ocrx_word' id='word_1_470' title='bbox 1497 3335 1566 3388; x_wconf 85' lang='lat' dir='ltr'><strong><em>ad</em></strong></span> <span class='ocrx_word' id='word_1_471' title='bbox 1609 3351 1831 3390; x_wconf 89' lang='lat' dir='ltr'><strong><em>manum</em></strong></span> <span class='ocrx_word' id='word_1_472' title='bbox 1862 3343 1984 3389; x_wconf 87' lang='lat' dir='ltr'><strong><em>sunt</em></strong></span> <span class='ocrx_word' id='word_1_473' title='bbox 2013 3342 2214 3405; x_wconf 86' lang='lat' dir='ltr'><strong><em>parati,</em></strong></span> <span class='ocrx_word' id='word_1_474' title='bbox 2240 3345 2527 3397; x_wconf 88' lang='lat' dir='ltr'><strong><em>canonibus</em></strong></span> <span class='ocrx_word' id='word_1_475' title='bbox 2549 3342 2799 3413; x_wconf 84' lang='lat' dir='ltr'><strong><em>expositis</em></strong></span> <span class='ocrx_word' id='word_1_476' title='bbox 2828 3358 2919 3413; x_wconf 88' lang='lat' dir='ltr'><strong><em>per</em></strong></span> <span class='ocrx_word' id='word_1_477' title='bbox 2941 3343 3205 3413; x_wconf 84' lang='lat' dir='ltr'><strong><em>exempla,</em></strong></span> <span class='ocrx_word' id='word_1_478' title='bbox 3258 3349 3310 3396; x_wconf 91' lang='lat' dir='ltr'><strong><em>et</em></strong></span> <span class='ocrx_word' id='word_1_479' title='bbox 3342 3356 3525 3395; x_wconf 83' lang='lat' dir='ltr'><strong><em>eorum</em></strong></span> <span class='ocrx_word' id='word_1_480' title='bbox 3547 3356 3763 3394; x_wconf 81' lang='lat' dir='ltr'><strong><em>concor—</em></strong></span> 
     </span>
    </p>
   </div>
   <div class='ocr_carea' id='block_1_44' title="bbox 489 3427 3765 3500">
    <p class='ocr_par' dir='ltr' id='par_1_44' title="bbox 489 3427 3765 3500">
     <span class='ocr_line' id='line_1_44' title="bbox 489 3427 3765 3500; baseline -0.002 -14"><span class='ocrx_word' id='word_1_481' title='bbox 489 3435 579 3486; x_wconf 79' lang='lat' dir='ltr'><strong><em>dia</em></strong></span> <span class='ocrx_word' id='word_1_482' title='bbox 615 3428 873 3500; x_wconf 77' lang='lat' dir='ltr'><strong><em>exquisite</em></strong></span> <span class='ocrx_word' id='word_1_483' title='bbox 898 3436 1105 3482; x_wconf 86' lang='lat' dir='ltr'><strong><em>ostensa</em></strong></span> <span class='ocrx_word' id='word_1_484' title='bbox 1137 3445 1158 3493; x_wconf 85' lang='lat'><strong><em>;</em></strong></span> <span class='ocrx_word' id='word_1_485' title='bbox 1192 3428 1274 3482; x_wconf 87' lang='lat' dir='ltr'><strong><em>hic</em></strong></span> <span class='ocrx_word' id='word_1_486' title='bbox 1310 3429 1364 3481; x_wconf 89' lang='lat' dir='ltr'><strong><em>in</em></strong></span> <span class='ocrx_word' id='word_1_487' title='bbox 1400 3428 1555 3481; x_wconf 89' lang='lat' dir='ltr'><strong><em>tertio</em></strong></span> <span class='ocrx_word' id='word_1_488' title='bbox 1585 3443 1790 3497; x_wconf 84' lang='lat' dir='ltr'><strong><em>nempe,</em></strong></span> <span class='ocrx_word' id='word_1_489' title='bbox 1827 3437 1876 3481; x_wconf 76' lang='lat' dir='ltr'><strong><em>et</em></strong></span> <span class='ocrx_word' id='word_1_490' title='bbox 1900 3429 1991 3497; x_wconf 84' lang='lat' dir='ltr'><strong><em>qui</em></strong></span> <span class='ocrx_word' id='word_1_491' title='bbox 2018 3427 2248 3499; x_wconf 86' lang='lat' dir='ltr'><strong><em>reliquus</em></strong></span> <span class='ocrx_word' id='word_1_492' title='bbox 2294 3440 2366 3485; x_wconf 82' lang='lat' dir='ltr'><strong><em>est</em></strong></span> <span class='ocrx_word' id='word_1_493' title='bbox 2384 3431 2441 3485; x_wconf 89' lang='lat' dir='ltr'><strong><em>in</em></strong></span> <span class='ocrx_word' id='word_1_494' title='bbox 2473 3431 2575 3486; x_wconf 83' lang='lat' dir='ltr'><strong><em>ista</em></strong></span> <span class='ocrx_word' id='word_1_495' title='bbox 2608 3434 2950 3497; x_wconf 74' lang='lat' dir='ltr'><strong><em>tractatione,</em></strong></span> <span class='ocrx_word' id='word_1_496' title='bbox 2978 3431 3307 3485; x_wconf 83' lang='lat' dir='ltr'><strong><em>Persicorum</em></strong></span> <span class='ocrx_word' id='word_1_497' title='bbox 3335 3430 3569 3500; x_wconf 76' lang='lat' dir='ltr'><strong><em>facilium</em></strong></span> <span class='ocrx_word' id='word_1_498' title='bbox 3601 3442 3765 3482; x_wconf 86' lang='lat' dir='ltr'><strong><em>cano-</em></strong></span> 
     </span>
    </p>
   </div>
   <div class='ocr_carea' id='block_1_45' title="bbox 493 3514 3770 3588">
    <p class='ocr_par' dir='ltr' id='par_1_45' title="bbox 493 3514 3770 3588">
     <span class='ocr_line' id='line_1_45' title="bbox 493 3514 3770 3588; baseline -0.002 -17"><span class='ocrx_word' id='word_1_499' title='bbox 493 3536 622 3573; x_wconf 87' lang='lat' dir='ltr'><strong><em>num</em></strong></span> <span class='ocrx_word' id='word_1_500' title='bbox 651 3514 1030 3569; x_wconf 81' lang='lat' dir='ltr'><strong><em>calculationes</em></strong></span> <span class='ocrx_word' id='word_1_501' title='bbox 1068 3517 1309 3586; x_wconf 86' lang='lat' dir='ltr'><strong><em>digerere</em></strong></span> <span class='ocrx_word' id='word_1_502' title='bbox 1335 3515 1678 3580; x_wconf 85' lang='lat' dir='ltr'><strong><em>adducimur,</em></strong></span> <span class='ocrx_word' id='word_1_503' title='bbox 1707 3516 1771 3567; x_wconf 89' lang='lat' dir='ltr'><strong><em>ab</em></strong></span> <span class='ocrx_word' id='word_1_504' title='bbox 1804 3514 1929 3568; x_wconf 85' lang='lat' dir='ltr'><strong><em>aliis</em></strong></span> <span class='ocrx_word' id='word_1_505' title='bbox 1964 3515 2126 3568; x_wconf 88' lang='lat' dir='ltr'><strong><em>etiam</em></strong></span> <span class='ocrx_word' id='word_1_506' title='bbox 2151 3515 2274 3569; x_wconf 90' lang='lat' dir='ltr'><strong><em>olim</em></strong></span> <span class='ocrx_word' id='word_1_507' title='bbox 2312 3520 2639 3580; x_wconf 71' lang='lat' dir='ltr'><strong><em>enucleatas,</em></strong></span> <span class='ocrx_word' id='word_1_508' title='bbox 2671 3518 2762 3571; x_wconf 91' lang='lat' dir='ltr'><strong><em>sed</em></strong></span> <span class='ocrx_word' id='word_1_509' title='bbox 2790 3518 2995 3588; x_wconf 87' lang='lat' dir='ltr'><strong><em>majore</em></strong></span> <span class='ocrx_word' id='word_1_510' title='bbox 3025 3528 3201 3572; x_wconf 86' lang='lat' dir='ltr'><strong><em>tamen</em></strong></span> <span class='ocrx_word' id='word_1_511' title='bbox 3254 3517 3577 3587; x_wconf 73' lang='lat' dir='ltr'><strong><em>expositione</em></strong></span> <span class='ocrx_word' id='word_1_512' title='bbox 3629 3516 3770 3568; x_wconf 73' lang='lat' dir='ltr'><strong><em>inrti-</em></strong></span> 
     </span>
    </p>
   </div>
   <div class='ocr_carea' id='block_1_46' title="bbox 495 3599 3770 3674">
    <p class='ocr_par' dir='ltr' id='par_1_46' title="bbox 495 3599 3770 3674">
     <span class='ocr_line' id='line_1_46' title="bbox 495 3599 3770 3674; baseline -0.001 -16"><span class='ocrx_word' id='word_1_513' title='bbox 495 3615 705 3674; x_wconf 85' lang='lat' dir='ltr'><strong><em>gcntes;</em></strong></span> <span class='ocrx_word' id='word_1_514' title='bbox 731 3615 893 3669; x_wconf 87' lang='lat' dir='ltr'><strong><em>eoque</em></strong></span> <span class='ocrx_word' id='word_1_515' title='bbox 915 3602 1245 3670; x_wconf 88' lang='lat' dir='ltr'><strong><em>potissimum</em></strong></span> <span class='ocrx_word' id='word_1_516' title='bbox 1284 3603 1424 3672; x_wconf 89' lang='lat' dir='ltr'><strong><em>quod</em></strong></span> <span class='ocrx_word' id='word_1_517' title='bbox 1478 3617 1585 3655; x_wconf 92' lang='lat' dir='ltr'><strong><em>non</em></strong></span> <span class='ocrx_word' id='word_1_518' title='bbox 1616 3604 1694 3653; x_wconf 90' lang='lat' dir='ltr'><strong><em>uti</em></strong></span> <span class='ocrx_word' id='word_1_519' title='bbox 1730 3602 1943 3656; x_wconf 86' lang='lat' dir='ltr'><strong><em>decebat</em></strong></span> <span class='ocrx_word' id='word_1_520' title='bbox 1977 3604 2029 3655; x_wconf 90' lang='lat' dir='ltr'><strong><em>in</em></strong></span> <span class='ocrx_word' id='word_1_521' title='bbox 2057 3599 2299 3656; x_wconf 67' lang='lat' dir='ltr'><strong><em>Graecam</em></strong></span> <span class='ocrx_word' id='word_1_522' title='bbox 2331 3604 2570 3673; x_wconf 85' lang='lat' dir='ltr'><strong><em>linguam</em></strong></span> <span class='ocrx_word' id='word_1_523' title='bbox 2602 3603 2881 3658; x_wconf 72' lang='lat' dir='ltr'><strong><em>translata:</em></strong></span> <span class='ocrx_word' id='word_1_524' title='bbox 2922 3613 3069 3667; x_wconf 82' lang='lat' dir='ltr'><strong><em>sunt,</em></strong></span> <span class='ocrx_word' id='word_1_525' title='bbox 3105 3620 3240 3674; x_wconf 88' lang='lat' dir='ltr'><strong><em>quas</em></strong></span> <span class='ocrx_word' id='word_1_526' title='bbox 3289 3619 3383 3657; x_wconf 84' lang='lat' dir='ltr'><strong><em>nos</em></strong></span> <span class='ocrx_word' id='word_1_527' title='bbox 3420 3618 3516 3671; x_wconf 90' lang='lat' dir='ltr'><strong><em>pro</em></strong></span> <span class='ocrx_word' id='word_1_528' title='bbox 3571 3603 3770 3655; x_wconf 73' lang='lat' dir='ltr'><strong><em>viribus</em></strong></span> 
     </span>
    </p>
   </div>
   <div class='ocr_carea' id='block_1_47' title="bbox 496 3690 3771 3762">
    <p class='ocr_par' dir='ltr' id='par_1_47' title="bbox 496 3690 3771 3762">
     <span class='ocr_line' id='line_1_47' title="bbox 496 3690 3771 3762; baseline -0.001 -17"><span class='ocrx_word' id='word_1_529' title='bbox 496 3693 643 3745; x_wconf 88' lang='lat' dir='ltr'><strong><em>clare</em></strong></span> <span class='ocrx_word' id='word_1_530' title='bbox 680 3704 944 3761; x_wconf 84' lang='lat' dir='ltr'><strong><em>expanere</em></strong></span> <span class='ocrx_word' id='word_1_531' title='bbox 977 3691 1314 3754; x_wconf 79' lang='lat' dir='ltr'><strong><em>conabimur,</em></strong></span> <span class='ocrx_word' id='word_1_532' title='bbox 1365 3699 1413 3743; x_wconf 89' lang='lat' dir='ltr'><strong><em>et</em></strong></span> <span class='ocrx_word' id='word_1_533' title='bbox 1444 3691 1606 3743; x_wconf 89' lang='lat' dir='ltr'><strong><em>etiam</em></strong></span> <span class='ocrx_word' id='word_1_534' title='bbox 1679 3705 1941 3744; x_wconf 87' lang='lat' dir='ltr'><strong><em>canonum</em></strong></span> <span class='ocrx_word' id='word_1_535' title='bbox 1994 3690 2388 3761; x_wconf 87' lang='lat' dir='ltr'><strong><em>descriptiones,</em></strong></span> <span class='ocrx_word' id='word_1_536' title='bbox 2417 3700 2622 3745; x_wconf 85' lang='lat' dir='ltr'><strong><em>nostros</em></strong></span> <span class='ocrx_word' id='word_1_537' title='bbox 2643 3703 2933 3761; x_wconf 85' lang='lat' dir='ltr'><strong><em>sequentes,</em></strong></span> <span class='ocrx_word' id='word_1_538' title='bbox 2963 3692 3362 3762; x_wconf 87' lang='lat' dir='ltr'><strong><em>perscribemus.</em></strong></span> <span class='ocrx_word' id='word_1_539' title='bbox 3396 3690 3515 3746; x_wconf 84' lang='lat' dir='ltr'><strong><em>Non</em></strong></span> <span class='ocrx_word' id='word_1_540' title='bbox 3546 3690 3771 3745; x_wconf 79' lang='lat' dir='ltr'><strong><em>deluere</em></strong></span> 
     </span>
    </p>
   </div>
   <div class='ocr_carea' id='block_1_48' title="bbox 494 3776 3772 3849">
    <p class='ocr_par' dir='ltr' id='par_1_48' title="bbox 494 3776 3772 3849">
     <span class='ocr_line' id='line_1_48' title="bbox 494 3776 3772 3849; baseline -0.002 -16"><span class='ocrx_word' id='word_1_541' title='bbox 494 3782 589 3849; x_wconf 78' lang='lat' dir='ltr'><strong><em>qui</em></strong></span> <span class='ocrx_word' id='word_1_542' title='bbox 619 3798 747 3836; x_wconf 88' lang='lat' dir='ltr'><strong><em>cum</em></strong></span> <span class='ocrx_word' id='word_1_543' title='bbox 773 3792 830 3838; x_wconf 92' lang='lat' dir='ltr'><strong><em>et</em></strong></span> <span class='ocrx_word' id='word_1_544' title='bbox 864 3780 1116 3836; x_wconf 78' lang='lat' dir='ltr'><strong><em>convicio</em></strong></span> <span class='ocrx_word' id='word_1_545' title='bbox 1156 3780 1580 3843; x_wconf 68' lang='lat' dir='ltr'><strong><em>insectarentur,</em></strong></span> <span class='ocrx_word' id='word_1_546' title='bbox 1607 3788 1663 3832; x_wconf 88' lang='lat' dir='ltr'><strong><em>et</em></strong></span> <span class='ocrx_word' id='word_1_547' title='bbox 1695 3777 1848 3848; x_wconf 85' lang='lat' dir='ltr'><strong><em>operi</em></strong></span> <span class='ocrx_word' id='word_1_548' title='bbox 1901 3778 2314 3842; x_wconf 86' lang='lat' dir='ltr'><strong><em>maledicereut,</em></strong></span> <span class='ocrx_word' id='word_1_549' title='bbox 2371 3779 2572 3846; x_wconf 83' lang='lat' dir='ltr'><strong><em>quibus</em></strong></span> <span class='ocrx_word' id='word_1_550' title='bbox 2606 3778 2889 3847; x_wconf 81' lang='lat' dir='ltr'><strong><em>respondit</em></strong></span> <span class='ocrx_word' id='word_1_551' title='bbox 2933 3779 3167 3848; x_wconf 88' lang='lat' dir='ltr'><strong><em>quisque</em></strong></span> <span class='ocrx_word' id='word_1_552' title='bbox 3210 3779 3300 3833; x_wconf 87' lang='lat' dir='ltr'><strong><em>ille</em></strong></span> <span class='ocrx_word' id='word_1_553' title='bbox 3352 3776 3594 3833; x_wconf 79' lang='lat' dir='ltr'><strong><em>fueritir.</em></strong></span> <span class='ocrx_word' id='word_1_554' title='bbox 3647 3780 3772 3849; x_wconf 66' lang='lat' dir='ltr'><strong><em>ipso</em></strong></span> 
     </span>
    </p>
   </div>
   <div class='ocr_carea' id='block_1_49' title="bbox 494 3858 2092 3940">
    <p class='ocr_par' dir='ltr' id='par_1_49' title="bbox 494 3858 2092 3940">
     <span class='ocr_line' id='line_1_49' title="bbox 494 3858 2092 3940; baseline -0.001 -21"><span class='ocrx_word' id='word_1_555' title='bbox 494 3868 675 3938; x_wconf 80' lang='lat' dir='ltr'><strong><em>operis</em></strong></span> <span class='ocrx_word' id='word_1_556' title='bbox 700 3878 993 3940; x_wconf 79' lang='lat' dir='ltr'><strong><em>prospectu</em></strong></span> <span class='ocrx_word' id='word_1_557' title='bbox 1029 3884 1044 3922; x_wconf 91' lang='lat'><strong>:</strong></span> <span class='ocrx_word' id='word_1_558' title='bbox 1084 3867 1143 3919; x_wconf 89' lang='grc' dir='ltr'><strong>Ὀ</strong></span> <span class='ocrx_word' id='word_1_559' title='bbox 1172 3867 1315 3937; x_wconf 77' lang='grc' dir='ltr'>ἀνὴρ</span> <span class='ocrx_word' id='word_1_560' title='bbox 1338 3858 1489 3927; x_wconf 72' lang='grc' dir='ltr'>οὗτος</span> <span class='ocrx_word' id='word_1_561' title='bbox 1521 3867 1550 3919; x_wconf 88' lang='grc' dir='ltr'><strong><em>ό</em></strong></span> <span class='ocrx_word' id='word_1_562' title='bbox 1582 3866 1680 3935; x_wconf 83' lang='grc' dir='ltr'>τὴν</span> <span class='ocrx_word' id='word_1_563' title='bbox 1710 3864 2000 3935; x_wconf 80' lang='grc' dir='ltr'>παροῦσαν</span> <span class='ocrx_word' id='word_1_564' title='bbox 2033 3865 2092 3935; x_wconf 55' lang='grc' dir='ltr'><strong><em>βίη</em></strong></span> 
     </span>
    </p>
   </div>
   <div class='ocr_carea' id='block_1_50' title="bbox 2174 3858 3772 3940">
    <p class='ocr_par' dir='ltr' id='par_1_50' title="bbox 2174 3866 3772 3938">
     <span class='ocr_line' id='line_1_50' title="bbox 2174 3866 3772 3938; baseline -0.001 -19"><span class='ocrx_word' id='word_1_565' title='bbox 2174 3883 2219 3919; x_wconf 79' lang='grc' dir='ltr'>›ν</span> <span class='ocrx_word' id='word_1_566' title='bbox 2250 3866 2680 3936; x_wconf 81' lang='grc' dir='ltr'>συγγεγραφὼς,</span> <span class='ocrx_word' id='word_1_567' title='bbox 2703 3866 2853 3920; x_wconf 80' lang='grc' dir='ltr'>δοκεῖ</span> <span class='ocrx_word' id='word_1_568' title='bbox 2879 3866 2936 3920; x_wconf 69' lang='grc' dir='ltr'>δὲ</span> <span class='ocrx_word' id='word_1_569' title='bbox 2967 3868 3137 3936; x_wconf 76' lang='grc' dir='ltr'>κάμοὶ</span> <span class='ocrx_word' id='word_1_570' title='bbox 3172 3867 3367 3938; x_wconf 70' lang='grc' dir='ltr'>μηδενὶ</span> <span class='ocrx_word' id='word_1_571' title='bbox 3415 3866 3635 3921; x_wconf 77' lang='grc' dir='ltr'>ἀποδεῖν</span> <span class='ocrx_word' id='word_1_572' title='bbox 3662 3867 3772 3919; x_wconf 80' lang='grc' dir='ltr'>τῶν</span> 
     </span>
    </p>
   </div>
   <div class='ocr_carea' id='block_1_51' title="bbox 495 3954 3775 4033">
    <p class='ocr_par' dir='ltr' id='par_1_51' title="bbox 495 3954 3775 4033">
     <span class='ocr_line' id='line_1_51' title="bbox 495 3954 3775 4033; baseline -0.001 -21"><span class='ocrx_word' id='word_1_573' title='bbox 495 3962 554 4012; x_wconf 83' lang='grc' dir='ltr'>ὲν</span> <span class='ocrx_word' id='word_1_574' title='bbox 582 3963 746 4033; x_wconf 74' lang='grc' dir='ltr'>σοφίᾳ</span> <span class='ocrx_word' id='word_1_575' title='bbox 772 3962 1119 4033; x_wconf 73' lang='grc' dir='ltr'>περιϐοήτων</span> <span class='ocrx_word' id='word_1_576' title='bbox 1168 3962 1310 4015; x_wconf 77' lang='grc' dir='ltr'>κατά</span> <span class='ocrx_word' id='word_1_577' title='bbox 1344 3976 1411 4029; x_wconf 79' lang='grc' dir='ltr'><strong><em>γε</em></strong></span> <span class='ocrx_word' id='word_1_578' title='bbox 1444 3960 1505 4013; x_wconf 82' lang='grc' dir='ltr'>τὸ</span> <span class='ocrx_word' id='word_1_579' title='bbox 1540 3958 1932 4031; x_wconf 71' lang='grc' dir='ltr'>μαθηματικὸν</span> <span class='ocrx_word' id='word_1_580' title='bbox 1978 3954 2120 4023; x_wconf 74' lang='grc' dir='ltr'>εἶδος</span> <span class='ocrx_word' id='word_1_581' title='bbox 2157 3958 2259 4028; x_wconf 80' lang='grc' dir='ltr'><strong><em>τῆς</em></strong></span> <span class='ocrx_word' id='word_1_582' title='bbox 2312 3960 2663 4029; x_wconf 78' lang='grc' dir='ltr'>φιλοσοφίας,</span> <span class='ocrx_word' id='word_1_583' title='bbox 2684 3960 2741 4014; x_wconf 68' lang='lat' dir='ltr'><strong><em>si</em></strong></span> <span class='ocrx_word' id='word_1_584' title='bbox 2774 3975 2830 4013; x_wconf 84' lang='grc' dir='ltr'><strong><em>τι</em></strong></span> <span class='ocrx_word' id='word_1_585' title='bbox 2862 3957 3024 4029; x_wconf 81' lang='grc' dir='ltr'><strong><em>κάγὼ</em></strong></span> <span class='ocrx_word' id='word_1_586' title='bbox 3065 3958 3207 4014; x_wconf 88' lang='grc' dir='ltr'>δοκῶ</span> <span class='ocrx_word' id='word_1_587' title='bbox 3254 3958 3516 4014; x_wconf 83' lang='grc' dir='ltr'>δύνασθαι</span> <span class='ocrx_word' id='word_1_588' title='bbox 3564 3958 3775 4028; x_wconf 84' lang='grc' dir='ltr'>κρίνειν</span> 
     </span>
    </p>
   </div>
   <div class='ocr_carea' id='block_1_52' title="bbox 495 4050 3773 4129">
    <p class='ocr_par' dir='ltr' id='par_1_52' title="bbox 495 4050 3773 4129">
     <span class='ocr_line' id='line_1_52' title="bbox 495 4050 3773 4129; baseline -0.002 -18"><span class='ocrx_word' id='word_1_589' title='bbox 495 4060 717 4128; x_wconf 57' lang='lat' dir='ltr'><strong><em>nepita</em></strong></span> <span class='ocrx_word' id='word_1_590' title='bbox 753 4059 1006 4113; x_wconf 80' lang='grc' dir='ltr'>τοιαῦτα.</span> <span class='ocrx_word' id='word_1_591' title='bbox 1052 4057 1547 4129; x_wconf 70' lang='grc' dir='ltr'>Ἀπεριμερίμνως</span> <span class='ocrx_word' id='word_1_592' title='bbox 1570 4052 1665 4111; x_wconf 74' lang='grc' dir='ltr'><strong><em>οὖν</em></strong></span> <span class='ocrx_word' id='word_1_593' title='bbox 1694 4055 1782 4110; x_wconf 79' lang='grc' dir='ltr'>δεῖ</span> <span class='ocrx_word' id='word_1_594' title='bbox 1806 4050 2192 4128; x_wconf 73' lang='grc' dir='ltr'>χρῆσθαιτοῖς</span> <span class='ocrx_word' id='word_1_595' title='bbox 2239 4056 2335 4110; x_wconf 80' lang='grc' dir='ltr'><strong><em>ὑπ’</em></strong></span> <span class='ocrx_word' id='word_1_596' title='bbox 2367 4054 2538 4112; x_wconf 80' lang='grc' dir='ltr'>αὐτοῦ</span> <span class='ocrx_word' id='word_1_597' title='bbox 2582 4056 2925 4128; x_wconf 69' lang='grc' dir='ltr'>λεγομένοις,</span> <span class='ocrx_word' id='word_1_598' title='bbox 2961 4055 3170 4127; x_wconf 74' lang='grc' dir='ltr'>μηδένα</span> <span class='ocrx_word' id='word_1_599' title='bbox 3208 4054 3367 4124; x_wconf 81' lang='grc' dir='ltr'>λόγον</span> <span class='ocrx_word' id='word_1_600' title='bbox 3412 4054 3773 4123; x_wconf 70' lang='grc' dir='ltr'>ποιουμένους</span> 
     </span>
    </p>
   </div>
   <div class='ocr_carea' id='block_1_53' title="bbox 496 4150 3776 4227">
    <p class='ocr_par' dir='ltr' id='par_1_53' title="bbox 496 4150 3776 4227">
     <span class='ocr_line' id='line_1_53' title="bbox 496 4150 3776 4227; baseline -0.002 -19"><span class='ocrx_word' id='word_1_601' title='bbox 496 4154 609 4210; x_wconf 85' lang='grc' dir='ltr'>τῶν</span> <span class='ocrx_word' id='word_1_602' title='bbox 643 4156 1072 4227; x_wconf 77' lang='grc' dir='ltr'>ἐπιχειρούντων</span> <span class='ocrx_word' id='word_1_603' title='bbox 1103 4156 1271 4209; x_wconf 81' lang='grc' dir='ltr'>αὑτὸν</span> <span class='ocrx_word' id='word_1_604' title='bbox 1300 4154 1608 4226; x_wconf 80' lang='grc' dir='ltr'>διασύρειν.</span> <span class='ocrx_word' id='word_1_605' title='bbox 1641 4155 1765 4207; x_wconf 80' lang='grc' dir='ltr'><strong><em>Εἰσὶ</em></strong></span> <span class='ocrx_word' id='word_1_606' title='bbox 1798 4154 1908 4226; x_wconf 82' lang='grc' dir='ltr'>γάρ</span> <span class='ocrx_word' id='word_1_607' title='bbox 1937 4170 2085 4217; x_wconf 75' lang='grc' dir='ltr'>τινες</span> <span class='ocrx_word' id='word_1_608' title='bbox 2112 4154 2284 4222; x_wconf 78' lang='grc' dir='ltr'>ὀλίγοι</span> <span class='ocrx_word' id='word_1_609' title='bbox 2313 4154 2516 4226; x_wconf 84' lang='grc' dir='ltr'>κομιδῆ</span> <span class='ocrx_word' id='word_1_610' title='bbox 2541 4155 2651 4209; x_wconf 85' lang='grc' dir='ltr'><strong><em>τῶν</em></strong></span> <span class='ocrx_word' id='word_1_611' title='bbox 2679 4154 2768 4208; x_wconf 77' lang='grc' dir='ltr'><strong><em>ἐπ’</em></strong></span> <span class='ocrx_word' id='word_1_612' title='bbox 2806 4152 2941 4224; x_wconf 71' lang='grc' dir='ltr'>ἐμοῦ</span> <span class='ocrx_word' id='word_1_613' title='bbox 2971 4153 3305 4223; x_wconf 73' lang='grc' dir='ltr'>λεγομένων,</span> <span class='ocrx_word' id='word_1_614' title='bbox 3341 4150 3393 4204; x_wconf 76' lang='grc' dir='ltr'>οἳ</span> <span class='ocrx_word' id='word_1_615' title='bbox 3445 4150 3534 4205; x_wconf 82' lang='grc' dir='ltr'>διὰ</span> <span class='ocrx_word' id='word_1_616' title='bbox 3574 4151 3776 4220; x_wconf 76' lang='grc' dir='ltr'>φαυλό-</span> 
     </span>
    </p>
   </div>
   <div class='ocr_carea' id='block_1_54' title="bbox 496 4239 2094 4315">
    <p class='ocr_par' dir='ltr' id='par_1_54' title="bbox 496 4241 2094 4315">
     <span class='ocr_line' id='line_1_54' title="bbox 496 4241 2094 4315; baseline -0.001 -18"><span class='ocrx_word' id='word_1_617' title='bbox 496 4263 637 4307; x_wconf 79' lang='grc' dir='ltr'>τητα</span> <span class='ocrx_word' id='word_1_618' title='bbox 661 4243 889 4315; x_wconf 78' lang='grc' dir='ltr'>γνώμης</span> <span class='ocrx_word' id='word_1_619' title='bbox 917 4242 1454 4315; x_wconf 75' lang='grc' dir='ltr'>ἁπηρυθριασμένως</span> <span class='ocrx_word' id='word_1_620' title='bbox 1483 4244 1578 4298; x_wconf 76' lang='grc' dir='ltr'>καὶ</span> <span class='ocrx_word' id='word_1_621' title='bbox 1606 4242 1762 4296; x_wconf 80' lang='grc' dir='ltr'>τοῦτο</span> <span class='ocrx_word' id='word_1_622' title='bbox 1790 4244 1968 4296; x_wconf 82' lang='grc' dir='ltr'>ποιεῖν</span> <span class='ocrx_word' id='word_1_623' title='bbox 1994 4241 2094 4295; x_wconf 76' lang='grc' dir='ltr'><strong><em>ἐτόί</em></strong></span> 
     </span>
    </p>
   </div>
   <div class='ocr_carea' id='block_1_55' title="bbox 2180 4239 3778 4315">
    <p class='ocr_par' dir='ltr' id='par_1_55' title="bbox 2180 4239 3778 4313">
     <span class='ocr_line' id='line_1_55' title="bbox 2180 4239 3778 4313; baseline -0.003 -17"><span class='ocrx_word' id='word_1_624' title='bbox 2180 4259 2326 4312; x_wconf 58' lang='grc' dir='ltr'>γσαν.</span> <span class='ocrx_word' id='word_1_625' title='bbox 2370 4242 2462 4297; x_wconf 77' lang='lat' dir='ltr'><strong><em>Vir</em></strong></span> <span class='ocrx_word' id='word_1_626' title='bbox 2488 4244 2609 4310; x_wconf 84' lang='lat' dir='ltr'><strong><em>iste,</em></strong></span> <span class='ocrx_word' id='word_1_627' title='bbox 2653 4244 2747 4313; x_wconf 91' lang='lat' dir='ltr'><strong><em>qui</em></strong></span> <span class='ocrx_word' id='word_1_628' title='bbox 2810 4242 3002 4297; x_wconf 87' lang='lat' dir='ltr'><strong><em>librum</em></strong></span> <span class='ocrx_word' id='word_1_629' title='bbox 3034 4243 3175 4298; x_wconf 80' lang='lat' dir='ltr'><strong><em>hunc</em></strong></span> <span class='ocrx_word' id='word_1_630' title='bbox 3214 4241 3523 4313; x_wconf 85' lang='lat' dir='ltr'><strong><em>composuit,</em></strong></span> <span class='ocrx_word' id='word_1_631' title='bbox 3569 4239 3778 4294; x_wconf 74' lang='lat' dir='ltr'><strong><em>videtur</em></strong></span> 
     </span>
    </p>
   </div>
   <div class='ocr_carea' id='block_1_56' title="bbox 498 4329 3775 4402">
    <p class='ocr_par' dir='ltr' id='par_1_56' title="bbox 498 4329 3775 4402">
     <span class='ocr_line' id='line_1_56' title="bbox 498 4329 3775 4402; baseline -0.002 -16"><span class='ocrx_word' id='word_1_632' title='bbox 498 4333 647 4393; x_wconf 69' lang='lat' dir='ltr'><strong><em>mihi,</em></strong></span> <span class='ocrx_word' id='word_1_633' title='bbox 672 4333 813 4386; x_wconf 88' lang='lat' dir='ltr'><strong><em>inter</em></strong></span> <span class='ocrx_word' id='word_1_634' title='bbox 841 4347 927 4385; x_wconf 57' lang='lat' dir='ltr'><strong><em>eo:</em></strong></span> <span class='ocrx_word' id='word_1_635' title='bbox 947 4333 1036 4402; x_wconf 89' lang='lat' dir='ltr'><strong><em>qui</em></strong></span> <span class='ocrx_word' id='word_1_636' title='bbox 1062 4347 1251 4386; x_wconf 87' lang='lat' dir='ltr'><strong><em>nomen</em></strong></span> <span class='ocrx_word' id='word_1_637' title='bbox 1277 4330 1494 4401; x_wconf 87' lang='lat' dir='ltr'><strong><em>aliquod</em></strong></span> <span class='ocrx_word' id='word_1_638' title='bbox 1526 4332 1582 4385; x_wconf 91' lang='lat' dir='ltr'><strong><em>in</em></strong></span> <span class='ocrx_word' id='word_1_639' title='bbox 1633 4331 1899 4399; x_wconf 86' lang='lat' dir='ltr'><strong><em>sapientia</em></strong></span> <span class='ocrx_word' id='word_1_640' title='bbox 1943 4332 2205 4384; x_wconf 78' lang='lat' dir='ltr'><strong><em>consecuti</em></strong></span> <span class='ocrx_word' id='word_1_641' title='bbox 2255 4344 2398 4396; x_wconf 77' lang='lat' dir='ltr'><strong><em>sum,</em></strong></span> <span class='ocrx_word' id='word_1_642' title='bbox 2433 4330 2489 4383; x_wconf 85' lang='lat' dir='ltr'><strong><em>in</em></strong></span> <span class='ocrx_word' id='word_1_643' title='bbox 2522 4346 2583 4384; x_wconf 92' lang='lat' dir='ltr'><strong><em>ea</em></strong></span> <span class='ocrx_word' id='word_1_644' title='bbox 2632 4340 2786 4401; x_wconf 86' lang='lat' dir='ltr'><strong><em>parte</em></strong></span> <span class='ocrx_word' id='word_1_645' title='bbox 2835 4330 3174 4402; x_wconf 62' lang='lat' dir='ltr'><strong><em>philosophia</em></strong></span> <span class='ocrx_word' id='word_1_646' title='bbox 3224 4343 3343 4400; x_wconf 68' lang='lat' dir='ltr'><strong><em>qua!</em></strong></span> <span class='ocrx_word' id='word_1_647' title='bbox 3398 4329 3775 4385; x_wconf 84' lang='lat' dir='ltr'><strong><em>mathematica</em></strong></span> 
     </span>
    </p>
   </div>
   <div class='ocr_carea' id='block_1_57' title="bbox 499 4417 3776 4489">
    <p class='ocr_par' dir='ltr' id='par_1_57' title="bbox 499 4417 3776 4489">
     <span class='ocr_line' id='line_1_57' title="bbox 499 4417 3776 4489; baseline -0.001 -18"><span class='ocrx_word' id='word_1_648' title='bbox 499 4428 717 4482; x_wconf 90' lang='lat' dir='ltr'><strong><em>tractat,</em></strong></span> <span class='ocrx_word' id='word_1_649' title='bbox 751 4420 947 4473; x_wconf 89' lang='lat' dir='ltr'><strong><em>nemini</em></strong></span> <span class='ocrx_word' id='word_1_650' title='bbox 979 4435 1089 4473; x_wconf 87' lang='lat' dir='ltr'><strong><em>esse</em></strong></span> <span class='ocrx_word' id='word_1_651' title='bbox 1115 4420 1395 4483; x_wconf 84' lang='lat' dir='ltr'><strong><em>secundus,</em></strong></span> <span class='ocrx_word' id='word_1_652' title='bbox 1428 4421 1473 4473; x_wconf 85' lang='lat' dir='ltr'><strong><em>si</em></strong></span> <span class='ocrx_word' id='word_1_653' title='bbox 1496 4419 1620 4489; x_wconf 88' lang='lat' dir='ltr'><strong><em>quid</em></strong></span> <span class='ocrx_word' id='word_1_654' title='bbox 1653 4434 1746 4489; x_wconf 82' lang='lat' dir='ltr'><strong><em>ego</em></strong></span> <span class='ocrx_word' id='word_1_655' title='bbox 1762 4419 1901 4473; x_wconf 89' lang='lat' dir='ltr'><strong><em>circa</em></strong></span> <span class='ocrx_word' id='word_1_656' title='bbox 1925 4419 2122 4488; x_wconf 83' lang='lat' dir='ltr'><strong><em>scripta</em></strong></span> <span class='ocrx_word' id='word_1_657' title='bbox 2160 4417 2463 4486; x_wconf 82' lang='lat' dir='ltr'><strong><em>hujusmodi</em></strong></span> <span class='ocrx_word' id='word_1_658' title='bbox 2487 4418 2750 4487; x_wconf 84' lang='lat' dir='ltr'><strong><em>judicium</em></strong></span> <span class='ocrx_word' id='word_1_659' title='bbox 2780 4419 2915 4489; x_wconf 75' lang='lat' dir='ltr'><strong><em>ferre</em></strong></span> <span class='ocrx_word' id='word_1_660' title='bbox 2936 4432 3086 4489; x_wconf 88' lang='lat' dir='ltr'><strong><em>posse</em></strong></span> <span class='ocrx_word' id='word_1_661' title='bbox 3117 4433 3219 4471; x_wconf 86' lang='lat' dir='ltr'><strong><em>non</em></strong></span> <span class='ocrx_word' id='word_1_662' title='bbox 3243 4418 3447 4488; x_wconf 87' lang='lat' dir='ltr'><strong><em>ineptus</em></strong></span> <span class='ocrx_word' id='word_1_663' title='bbox 3480 4418 3776 4471; x_wconf 73' lang='lat' dir='ltr'><strong><em>existimor.</em></strong></span> 
     </span>
    </p>
   </div>
   <div class='ocr_carea' id='block_1_58' title="bbox 500 4501 3776 4577">
    <p class='ocr_par' dir='ltr' id='par_1_58' title="bbox 500 4501 3776 4577">
     <span class='ocr_line' id='line_1_58' title="bbox 500 4501 3776 4577; baseline -0.002 -17"><span class='ocrx_word' id='word_1_664' title='bbox 500 4508 706 4576; x_wconf 76' lang='lat' dir='ltr'><strong><em>Absque</em></strong></span> <span class='ocrx_word' id='word_1_665' title='bbox 728 4508 974 4560; x_wconf 87' lang='lat' dir='ltr'><strong><em>examine</em></strong></span> <span class='ocrx_word' id='word_1_666' title='bbox 1000 4509 1176 4577; x_wconf 87' lang='lat' dir='ltr'><strong><em>itaque</em></strong></span> <span class='ocrx_word' id='word_1_667' title='bbox 1205 4507 1355 4561; x_wconf 90' lang='lat' dir='ltr'><strong><em>dictis</em></strong></span> <span class='ocrx_word' id='word_1_668' title='bbox 1384 4506 1527 4561; x_wconf 84' lang='lat' dir='ltr'><strong><em>illius</em></strong></span> <span class='ocrx_word' id='word_1_669' title='bbox 1546 4505 1937 4561; x_wconf 85' lang='lat' dir='ltr'><strong><em>assentiendum</em></strong></span> <span class='ocrx_word' id='word_1_670' title='bbox 1966 4517 2063 4570; x_wconf 90' lang='lat' dir='ltr'><strong><em>est,</em></strong></span> <span class='ocrx_word' id='word_1_671' title='bbox 2092 4505 2199 4560; x_wconf 86' lang='lat' dir='ltr'><strong><em>illis</em></strong></span> <span class='ocrx_word' id='word_1_672' title='bbox 2218 4504 2462 4576; x_wconf 85' lang='lat' dir='ltr'><strong><em>neglectis</em></strong></span> <span class='ocrx_word' id='word_1_673' title='bbox 2493 4506 2584 4575; x_wconf 89' lang='lat' dir='ltr'><strong><em>qui</em></strong></span> <span class='ocrx_word' id='word_1_674' title='bbox 2611 4506 2665 4559; x_wconf 87' lang='lat' dir='ltr'><strong><em>in</em></strong></span> <span class='ocrx_word' id='word_1_675' title='bbox 2717 4520 2836 4558; x_wconf 80' lang='lat' dir='ltr'><strong><em>eum</em></strong></span> <span class='ocrx_word' id='word_1_676' title='bbox 2866 4505 3071 4558; x_wconf 82' lang='lat' dir='ltr'><strong><em>dentem</em></strong></span> <span class='ocrx_word' id='word_1_677' title='bbox 3097 4514 3383 4559; x_wconf 87' lang='lat' dir='ltr'><strong><em>exacuunt.</em></strong></span> <span class='ocrx_word' id='word_1_678' title='bbox 3418 4501 3555 4557; x_wconf 81' lang='lat' dir='ltr'><strong><em>Sunt</em></strong></span> <span class='ocrx_word' id='word_1_679' title='bbox 3580 4506 3776 4557; x_wconf 85' lang='lat' dir='ltr'><strong><em>etenim</em></strong></span> 
     </span>
    </p>
   </div>
   <div class='ocr_carea' id='block_1_59' title="bbox 476 4590 3778 4665">
    <p class='ocr_par' dir='ltr' id='par_1_59' title="bbox 476 4590 3778 4665">
     <span class='ocr_line' id='line_1_59' title="bbox 476 4590 3778 4665; baseline -0.001 -19"><span class='ocrx_word' id='word_1_680' title='bbox 476 4592 762 4657; x_wconf 82' lang='lat' dir='ltr'><strong><em>‘nonnulli,</em></strong></span> <span class='ocrx_word' id='word_1_681' title='bbox 787 4594 876 4647; x_wconf 79' lang='lat' dir='ltr'><strong><em>sed</em></strong></span> <span class='ocrx_word' id='word_1_682' title='bbox 908 4595 1064 4663; x_wconf 88' lang='lat' dir='ltr'><strong><em>pauci</em></strong></span> <span class='ocrx_word' id='word_1_683' title='bbox 1094 4595 1413 4658; x_wconf 71' lang='lat' dir='ltr'><strong><em>admodum,</em></strong></span> <span class='ocrx_word' id='word_1_684' title='bbox 1448 4595 1539 4665; x_wconf 89' lang='lat' dir='ltr'><strong><em>qui</em></strong></span> <span class='ocrx_word' id='word_1_685' title='bbox 1572 4605 1739 4647; x_wconf 89' lang='lat' dir='ltr'><strong><em>mente</em></strong></span> <span class='ocrx_word' id='word_1_686' title='bbox 1795 4591 1929 4657; x_wconf 75' lang='lat' dir='ltr'><strong><em>lusi,</em></strong></span> <span class='ocrx_word' id='word_1_687' title='bbox 1978 4594 2325 4648; x_wconf 80' lang='lat' dir='ltr'><strong><em>inverecunde</em></strong></span> <span class='ocrx_word' id='word_1_688' title='bbox 2364 4594 2458 4646; x_wconf 80' lang='lat' dir='ltr'><strong><em>hoc</em></strong></span> <span class='ocrx_word' id='word_1_689' title='bbox 2489 4593 2660 4664; x_wconf 80' lang='lat' dir='ltr'><strong><em>ipsum</em></strong></span> <span class='ocrx_word' id='word_1_690' title='bbox 2704 4602 2923 4663; x_wconf 84' lang='lat' dir='ltr'><strong><em>patrare</em></strong></span> <span class='ocrx_word' id='word_1_691' title='bbox 2964 4592 3085 4647; x_wconf 89' lang='lat' dir='ltr'><strong><em>ausi</em></strong></span> <span class='ocrx_word' id='word_1_692' title='bbox 3133 4600 3277 4647; x_wconf 88' lang='lat' dir='ltr'><strong><em>sunt.</em></strong></span> <span class='ocrx_word' id='word_1_693' title='bbox 3310 4590 3593 4646; x_wconf 82' lang='lat' dir='ltr'><strong><em>Scribebat</em></strong></span> <span class='ocrx_word' id='word_1_694' title='bbox 3624 4605 3778 4644; x_wconf 70' lang='lat' dir='ltr'><strong><em>antro</em></strong></span> 
     </span>
    </p>
   </div>
   <div class='ocr_carea' id='block_1_60' title="bbox 498 4677 2096 4754">
    <p class='ocr_par' dir='ltr' id='par_1_60' title="bbox 498 4680 2096 4754">
     <span class='ocr_line' id='line_1_60' title="bbox 498 4680 2096 4754; baseline 0.001 -18"><span class='ocrx_word' id='word_1_695' title='bbox 498 4680 705 4736; x_wconf 75' lang='lat' dir='ltr'><strong><em>Christi</em></strong></span> <span class='ocrx_word' id='word_1_696' title='bbox 734 4681 889 4746; x_wconf 77' lang='grc'><strong><em>1561,</em></strong></span> <span class='ocrx_word' id='word_1_697' title='bbox 916 4682 1018 4737; x_wconf 90' lang='lat' dir='ltr'><strong><em>sub</em></strong></span> <span class='ocrx_word' id='word_1_698' title='bbox 1044 4680 1253 4737; x_wconf 73' lang='lat' dir='ltr'><strong><em>Joanne</em></strong></span> <span class='ocrx_word' id='word_1_699' title='bbox 1285 4681 1607 4754; x_wconf 65' lang='lat' dir='ltr'><strong><em>Palaeologo.</em></strong></span> <span class='ocrx_word' id='word_1_700' title='bbox 1646 4681 1926 4753; x_wconf 79' lang='lat' dir='ltr'><strong><em>Leguntnr</em></strong></span> <span class='ocrx_word' id='word_1_701' title='bbox 1951 4682 2096 4753; x_wconf 87' lang='lat' dir='ltr'><strong><em>ejusd</em></strong></span> 
     </span>
    </p>
   </div>
   <div class='ocr_carea' id='block_1_61' title="bbox 2173 4677 3771 4754">
    <p class='ocr_par' dir='ltr' id='par_1_61' title="bbox 2173 4677 3771 4750">
     <span class='ocr_line' id='line_1_61' title="bbox 2173 4677 3771 4750; baseline -0.004 -13"><span class='ocrx_word' id='word_1_702' title='bbox 2173 4699 2197 4737; x_wconf 81' lang='grc' dir='ltr'><strong><em>η</em></strong></span> <span class='ocrx_word' id='word_1_703' title='bbox 2261 4689 2528 4735; x_wconf 76' lang='lat' dir='ltr'><strong><em>tractatus</em></strong></span> <span class='ocrx_word' id='word_1_704' title='bbox 2561 4679 2701 4748; x_wconf 72' lang='grc' dir='ltr'>Περὶ</span> <span class='ocrx_word' id='word_1_705' title='bbox 2732 4677 3300 4750; x_wconf 79' lang='grc' dir='ltr'>συνοδοπανσελήνων,</span> <span class='ocrx_word' id='word_1_706' title='bbox 3341 4678 3416 4733; x_wconf 88' lang='lat' dir='ltr'><strong><em>De</em></strong></span> <span class='ocrx_word' id='word_1_707' title='bbox 3437 4678 3771 4749; x_wconf 84' lang='lat' dir='ltr'><strong><em>pleniluuiis,</em></strong></span> 
     </span>
    </p>
   </div>
   <div class='ocr_carea' id='block_1_62' title="bbox 502 4770 1758 4839">
    <p class='ocr_par' dir='ltr' id='par_1_62' title="bbox 502 4770 1758 4839">
     <span class='ocr_line' id='line_1_62' title="bbox 502 4770 1758 4839; baseline 0.002 -16"><span class='ocrx_word' id='word_1_708' title='bbox 502 4780 559 4823; x_wconf 82' lang='lat' dir='ltr'><strong><em>et</em></strong></span> <span class='ocrx_word' id='word_1_709' title='bbox 587 4770 691 4825; x_wconf 86' lang='lat' dir='ltr'><strong><em>alia</em></strong></span> <span class='ocrx_word' id='word_1_710' title='bbox 723 4771 884 4839; x_wconf 80' lang='lat' dir='ltr'><strong><em>plane</em></strong></span> <span class='ocrx_word' id='word_1_711' title='bbox 919 4771 1210 4825; x_wconf 88' lang='lat' dir='ltr'><strong><em>innumera</em></strong></span> <span class='ocrx_word' id='word_1_712' title='bbox 1243 4770 1300 4826; x_wconf 89' lang='lat' dir='ltr'><strong><em>in</em></strong></span> <span class='ocrx_word' id='word_1_713' title='bbox 1352 4771 1758 4826; x_wconf 79' lang='lat' dir='ltr'><strong><em>astronomicis.</em></strong></span> 
     </span>
    </p>
   </div>
   <div class='ocr_carea' id='block_1_63' title="bbox 578 4942 3302 5023">
    <p class='ocr_par' dir='ltr' id='par_1_63' title="bbox 578 4942 3302 5023">
     <span class='ocr_line' id='line_1_63' title="bbox 578 4942 3302 5023; baseline 0 -21"><span class='ocrx_word' id='word_1_714' title='bbox 578 4946 656 5020; x_wconf 67' lang='grc' dir='ltr'><strong><em>(τ)</em></strong></span> <span class='ocrx_word' id='word_1_715' title='bbox 690 4942 869 5019; x_wconf 68' lang='lat' dir='ltr'><strong><em>Hujus</em></strong></span> <span class='ocrx_word' id='word_1_716' title='bbox 914 4953 1096 5022; x_wconf 81' lang='lat' dir='ltr'><strong><em>operis</em></strong></span> <span class='ocrx_word' id='word_1_717' title='bbox 1133 4952 1421 5008; x_wconf 80' lang='lat' dir='ltr'><strong><em>exordium</em></strong></span> <span class='ocrx_word' id='word_1_718' title='bbox 1475 4951 1830 5023; x_wconf 84' lang='lat' dir='ltr'><strong><em>primumque</em></strong></span> <span class='ocrx_word' id='word_1_719' title='bbox 1882 4949 2303 5022; x_wconf 75' lang='lat' dir='ltr'><strong><em>capitulum‘Gr.</em></strong></span> <span class='ocrx_word' id='word_1_720' title='bbox 2353 4948 2472 5005; x_wconf 80' lang='lat' dir='ltr'><strong><em>Lat.</em></strong></span> <span class='ocrx_word' id='word_1_721' title='bbox 2516 4949 2716 5020; x_wconf 79' lang='lat' dir='ltr'><strong><em>legitur</em></strong></span> <span class='ocrx_word' id='word_1_722' title='bbox 2761 4948 2903 5019; x_wconf 84' lang='lat' dir='ltr'><strong><em>apud</em></strong></span> <span class='ocrx_word' id='word_1_723' title='bbox 2961 4947 3302 5005; x_wconf 64' lang='lat' dir='ltr'><strong><em>Fabricium.</em></strong></span> 
     </span>
    </p>
   </div>
  </div>
