4048 6524
410 449 511 514 881
1845 460 2230 520 MUNITUM.
3547 466 3650 529 88‘}

1751 755 2368 844 MONI'I‘UR’l

1363 907 1477 968 (Mai
1515 906 1814 957 Bibliotheca
1847 921 1969 956 nova
1997 907 2193 958 Patrum
2221 916 2337 958 tom.
2367 911 2452 972 VI,
2480 925 2524 970 p.
2551 913 2680 970 μθ.)

481 1155 522 1210 Α
557 1153 751 1208 Nicetis
794 1154 864 1206 ad
904 1151 1197 1206 Tlteodoros
1244 1153 1570 1207 redeundum
1618 1160 1711 1205 est.
1751 1150 1892 1205 Sane
1927 1168 2078 1221 quem
2117 1155 2268 1206 modo
2316 1155 2510 1208 edituri
2544 1171 2723 1209 sumus
2757 1156 3084 1212 Theodorum
3143 1160 3542 1225 Meliteniotam,
3599 1164 3654 1217 in

411 1253 673 1310 postrema
706 1240 1006 1295 Crtrcitatis
1037 1248 1195 1294 aetate
1230 1239 1505 1293 collocavit
1553 1240 1788 1293 Allatius
1817 1238 2044 1292 diatrib.
2090 1257 2144 1292 n.
2180 1239 2498 1307 CXXXIII,
2532 1243 2623 1313 qui
2655 1261 2775 1298 eum
2813 1245 2944 1314 facit
2976 1249 3281 1301 scribentem
3320 1265 3462 1303 anno
3495 1249 3652 1304 Citri-

409 1334 477 1384 sti
506 1332 662 1394 {361,
703 1336 796 1382 sub
829 1328 1039 1382 Joanne
1069 1327 1095 1382 I
1124 1327 1427 1398 I’alceologo
1455 1328 1797 1396 imperatore.
1829 1325 1931 1380 Sed
1961 1335 2138 1380 tamen
2175 1345 2279 1382 non
2317 1331 2494 1383 omnia
2526 1349 2685 1396 nova,
2727 1333 2994 1388 deteriora
3029 1345 3170 1400 sunt,
3204 1339 3342 1406 quod
3373 1339 3426 1390 in
3454 1340 3654 1391 cunctis

414 1421 606 1486 linquis
645 1417 953 1488 papulisque
985 1411 1369 1488 comperimus:
1400 1427 1448 1470 et
1495 1418 1610 1486 ipse
1643 1415 1882 1472 Allatius
1925 1433 2056 1485 apus
2098 1416 2374 1482 Theodori,
2415 1435 2536 1472 mox
2568 1438 2599 1474 a
2633 1421 2783 1476 nobis
2828 1423 3026 1490 partim
3057 1425 3335 1487 edendum,
3370 1424 3453 1478 vel
3485 1429 3653 1495 potius

413 1507 774 1566 delibandum,
809 1507 937 1559 dicit
967 1504 1203 1566 doctum,
1233 1505 1412 1560 divina
1443 1505 1692 1559 doctrina
1726 1505 2002 1573 refertum.
2036 1501 2086 1558 et
2121 1505 2340 1574 dignum
2377 1507 2518 1576 quod
2561 1506 2728 1562 lucem
2759 1509 2953 1562 videat.
2989 1509 3082 1563 list
3110 1520 3287 1564 autem
3315 1513 3423 1564 ha'c
3445 1511 3653 1571 Cra'co:

413 1611 529 1646 rum
566 1602 840 1646 auctorum
875 1593 1037 1646 etiam
1069 1593 1238 1660 inﬁmi
1283 1593 1380 1646 (cvi
1426 1592 1544 1646 laus
1601 1593 1992 1662 quodammodo
2036 1593 2348 1662 singularis,
2389 1603 2442 1647 ut
2482 1594 2754 1666 eleganter
2790 1598 3166 1666 emendateque
3198 1598 3430 1669 plerique
3475 1618 3652 1655 omnes

411 1682 740 1751 scripserint,
779 1679 1114 1742 Blemmides,
1142 1688 1294 1749 puta,
1320 1679 1608 1743 Gemistus,
1650 1679 1948 1742 Planudes,
1977 1680 2147 1745 Gaza,
2187 1681 2486 1736 Demetrius
2525 1683 2816 1753 Cydonius,
2853 1684 3163 1748 Bessarion,
3197 1686 3290 1740 alii
3321 1687 3504 1754 multi;
3526 1690 3652 1744 dum

413 1767 623 1821 interim
666 1766 844 1819 Latini
871 1768 1038 1820 nostri
1065 1767 1350 1820 ruditatent
1382 1767 1670 1834 quamdam
1697 1767 1956 1820 scribendi
1990 1785 2098 1836 pra:
2123 1785 2176 1822 se
2207 1768 2444 1837 ferebant
2472 1787 2489 1824 :
2519 1773 2682 1825 donec
2713 1772 2875 1841 paulo
2908 1783 3046 1841 post,
3082 1774 3259 1843 politis
3289 1775 3479 1833 iterum
3511 1780 3666 1846 apud;

414 1873 509 1909 nos
535 1856 748 1913 litteris.
781 1863 965 1908 tantus
997 1855 1152 1908 rediit
1188 1853 1372 1907 Latini
1403 1855 1660 1908 sermonis
1688 1853 1854 1924 lepor,
1889 1865 1945 1908 ut
1977 1855 2098 1923 jam
2131 1855 2328 1910 Grtecis
2359 1858 2698 1912 invidendum
2740 1876 2843 1912 non
2871 1860 3054 1929 fuerit.

483 1943 654 2014 Igitur
681 1945 762 1996 hic
794 1943 1091 1996 Theodorus
1123 1940 1385 2009 exegetica
1414 1941 1633 1994 scientia
1676 1950 1725 1994 et
1764 1942 2076 2012 eloquentia:
2111 1945 2263 2014 capia
2297 1946 2634 1999 abundanter
2664 1947 2940 2013 pra'ditus,
2991 1959 3224 2018 quatuor
3258 1949 3551 2018 Evangelia
3597 1951 3648 2002 in

412 2049 574 2086 unam
596 2035 785 2085 seriem
807 2050 837 2084 a
875 2047 930 2084 se
956 2046 1215 2094 connexa,
1248 2045 1378 2082 novo
1412 2030 1779 2082 commentarii
1823 2045 2009 2100 genere
2037 2033 2376 2100 explananda
2403 2036 2630 2102 suscepit
2663 2050 2682 2088 .'
2725 2052 2908 2104 nempe
2944 2051 3072 2105 Opus
3101 2055 3256 2090 suum
3286 2040 3339 2092 itt
3375 2037 3648 2092 volumina

411 2135 596 2172 novem
641 2119 881 2189 digessit,
914 2134 1138 2188 quorum
1170 2115 1382 2184 singula
1414 2116 1629 2169 totidem
1664 2116 1958 2182 διαλέξεις,
1988 2117 2041 2170 id
2088 2127 2163 2172 est
2210 2136 2499 2179 sermones.
2532 2121 2816 2188 habebant,
2853 2124 2945 2190 qui
2970 2140 3147 2177 omnes
3178 2127 3462 2178 immanem
3494 2131 3648 2177 unius

410 2225 574 2276 supra
600 2207 864 2277 octoginta
902 2221 1204 2259 sermonum
1237 2220 1502 2257 sumntam
1539 2205 1865 2274 efﬁciebant.
1902 2203 2005 2258 Sed
2032 2207 2172 2260 enint
2209 2223 2272 2260 ea:
2303 2223 2484 2260 novem
2515 2209 2596 2260 liis
2630 2208 2981 2263 voluminibus
3011 2227 3174 2263 unum
3206 2213 3570 2264 tantummodo
3593 2213 3650 2263 in

427 2298 683 2352 Vaticana
725 2287 1337 2356 codicum‘bibliotheca,
1375 2294 1469 2348 sub
1499 2311 1720 2348 numero
1749 2293 1878 2357 68i,
1911 2292 2159 2358 habetur,
2191 2295 2327 2361 quod
2358 2305 2433 2347 est
2467 2295 2622 2348 seriei
2654 2295 2922 2363 prtedictaa
2951 2309 3224 2365 quartum,
3260 2297 3502 2366 foliorum
3546 2299 3649 2352 560

410 2386 586 2448 iii-4°,
613 2385 894 2454 scriptura:
936 2384 991 2436 in
1030 2383 1220 2435 charta
1257 2383 1386 2435 satis
1416 2382 1703 2452 perspicua:
1734 2390 1781 2432 et
1818 2380 2136 2434 emendatae.
2183 2379 2381 2449 Scopas
2405 2367 2477 2434 ’σε
2534 2383 2673 2435 ratio
2731 2384 2891 2437 totius
2943 2386 3116 2452 operis
3152 2386 3466 2454 proponitur
3497 2386 3550 2437 in
3589 2401 3649 2438 eo

411 2473 649 2536 exordio,
679 2473 816 2542 quod
845 2470 1078 2524 Allatius
1111 2471 1164 2524 in
1184 2470 1413 2524 diatriba
1433 2487 1530 2522 sua
1558 2469 1820 2531 recitavit,
1848 2467 2089 2538 quodque
2116 2469 2268 2522 initio
2298 2469 2477 2538 quarti
2499 2471 2626 2523 tomi
2653 2472 2826 2524 nescio
2847 2471 3108 2539 quomodo
3135 2481 3501 2543 conservatum
3529 2473 3646 2540 fuit.

482 2559 618 2625 Quid
665 2558 922 2629 agerent?
964 2557 1106 2611 Sane
1152 2559 1359 2611 animus
1395 2555 1579 2610 avebat
1621 2565 1788 2609 totum
1819 2572 1950 2625 opus
1982 2555 2035 2607 in
2070 2552 2237 2609 lucem
2287 2558 2620 2625 protrahere,
2663 2565 2831 2611 totum
2875 2560 2999 2612 item
3053 2558 3248 2613 Latina
3297 2559 3653 2612 translatione

411 2652 635 2703 donare.
686 2648 788 2703 Sed
832 2665 935 2702 non
984 2649 1164 2702 omnia
1211 2664 1484 2716 possumus
1513 2663 1734 2712 omnes;
1768 2647 1962 2700 etenim
1996 2645 2080 2699 hic
2121 2659 2254 2696 unus
2287 2643 2468 2704 codex,
2517 2644 2561 2695 si
2601 2643 2771 2699 debito
2807 2656 3073 2716 apparatu
3121 2648 3433 2711 instructus,
3473 2645 3652 2700 Griece

415 2738 701 2808 Latineque
731 2737 997 2800 ederetur,
1032 2735 1151 2806 plus
1180 2751 1329 2805 atquo
1360 2735 1490 2789 milii
1522 2743 1724 2805 tempus
1766 2735 2013 2805 eriperet,
2050 2742 2098 2786 et
2133 2731 2349 2800 plenum
2383 2733 2759 2799 propemodum
2788 2733 3064 2799 conﬁceret
3095 2751 3240 2789 novat
3272 2735 3427 2806 hujus
3460 2735 3664 2794 bibliov

413 2830 571 2881 theae
598 2824 866 2880 volumen.
917 2823 1350 2878 Contrahendunt
1383 2822 1561 2888 itaque
1607 2823 1889 2876 consilium
1923 2821 2069 2890 fuit:
2121 2829 2168 2870 et
2206 2820 2457 2888 quoniam
2489 2827 2673 2872 auctor
2723 2820 2957 2889 singulos
2991 2839 3258 2876 sermones
3308 2839 3451 2886 suos,
3507 2839 3650 2876 more

413 2915 792 2985 llltrysostomi,
820 2914 1014 2967 morali
1046 2913 1406 2982 peroratione,
1438 2910 1636 2965 diserta
1665 2908 1840 2963 hercle
1887 2918 1936 2962 et
1980 2906 2223 2979 perutili,
2254 2905 2539 2970 concludit,
2578 2907 2674 2959 has
2721 2923 2814 2960 nos
2860 2910 3029 2976 operis
3075 2907 3302 2964 morales
3348 2919 3526 2979 partes
3579 2911 3649 2962 ad

410 3001 736 3071 vulgandam
765 3001 1075 3070 delegimus.
1116 2998 1182 3051 Et
1216 3001 1416 3068 priores
1449 2998 1658 3067 quidem
1681 3014 1796 3062 sex,
1837 2998 2020 3053 Greece
2067 3005 2296 3058 tantum,
2335 2996 2605 3048 brevitatis
2634 3013 2820 3056 causa,
2856 2997 3141 3063 ponimus;
3172 3005 3275 3051 tres
3319 3015 3439 3051 vero
3473 3008 3649 3068 poste-

413 3093 574 3142 riores
605 3097 924 3158 properante
954 3086 1160 3140 calamo
1194 3085 1412 3140 Latinas
1438 3087 1599 3138 etiam
1629 3086 1865 3155 fecimus,
1897 3086 2128 3154 prwﬁxis
2159 3087 2349 3156 ubique
2383 3085 2572 3147 titulis,
2614 3103 2740 3156 quos
2771 3095 2958 3139 auctor
2989 3088 3099 3153 ipse
3127 3089 3182 3140 in
3218 3090 3412 3158 pra'iiio
3440 3088 3646 3158 syllaba

410 3178 655 3246 scripsit;
690 3191 995 3244 quanquam
1022 3175 1281 3227 breviores
1316 3173 1610 3227 necessario
1639 3182 1760 3226 sunt
1801 3175 1855 3227 hi
1887 3174 2051 3238 tituli,
2102 3191 2268 3243 neque
2312 3175 2442 3228 satis
2473 3175 2689 3242 dignum
2721 3175 3051 3228 disertissimi
3094 3177 3281 3244 scripti
3325 3175 3644 3243 prmludium

412 3265 668 3332 priebent.
702 3262 873 3333 lgitur
902 3262 1022 3315 novi
1046 3261 1372 3330 studiosique
1413 3259 1628 3316 lectores
1663 3261 1829 3316 multo
1859 3253 1953 3333 per
1993 3279 2048 3318 se
2080 3263 2264 3317 melius
2292 3263 2544 3318 Theodori
2578 3265 2740 3318 nostri
2794 3263 3172 3330 eloquentiam,
3207 3265 3425 3336 dignattt
3461 3265 3649 3335 edepal

413 3351 720 3406 melioribus
751 3351 976 3410 sa’culis,
1006 3351 1274 3404 (estitnare
1305 3358 1572 3418 poterunt.
3281 3407 3284 3412 _

488 3438 852 3500 Verumtamen
888 3439 983 3490 hoc
1025 3437 1284 3508 pra’cipue
1337 3453 1416 3488 me
1467 3438 1748 3507 permovit,
1795 3446 1850 3488 ut
1902 3438 2072 3490 octavi
2111 3435 2376 3504 prolixam
2425 3453 2534 3507 pra?
2557 3438 2760 3491 cwteris
2800 3438 3056 3491 sermonis
3104 3439 3490 3506 perorationnn
3542 3455 3644 3491 non

409 3528 729 3590 amitterem,
766 3525 871 3577 into
903 3533 949 3576 et
981 3522 1172 3577 Latina
1208 3525 1644 3587 interpretatione
1680 3524 1987 3586 cantilat-er,
2015 3525 2140 3592 quia
2171 3525 2242 3578 ibi
2273 3523 2543 3578 luculenta
2575 3533 2623 3578 et
2649 3525 2910 3593 prtrclara
2939 3525 2994 3594 ﬁt
3025 3527 3281 3597 expositio
3315 3525 3460 3598 ﬁdei,
3487 3543 3647 3592 quam

411 3617 476 3667 de
504 3613 604 3670 SS.
637 3613 988 3668 Eucharistiw
1026 3612 1273 3680 mysterio
1301 3609 1483 3664 Graeca
1508 3613 1710 3681 pariter
1742 3629 1857 3664 cunt
1891 3611 2092 3665 Latina
2125 3612 2414 3680 proﬁtetur
2441 3612 2700 3666 Ecclesia.
2734 3613 2943 3668 Scilicet
2977 3614 3078 3666 duo
3104 3622 3227 3667 sunt
3267 3615 3520 3684 prtecipui
3555 3614 3646 3665 hc-

412 3702 786 3754 terodoa'orunt
818 3701 871 3753 in
905 3698 1183 3753 Occidente
1211 3714 1414 3750 errores
1445 3706 1631 3750 contra
1679 3697 2114 3760 Eucharisliam;
2155 3715 2380 3766 quorum
2413 3701 2559 3767 prior
2579 3710 2735 3769 negat
2764 3702 3436 3762 transsubstantiationem,
3471 3702 3524 3754 id
3570 3709 3647 3752 est

413 3791 565 3860 panis
592 3806 652 3842 ac
677 3789 786 3842 vini
817 3788 869 3840 in
904 3787 1098 3841 Christi
1130 3802 1316 3855 corpus
1343 3787 1759 3854 sanguinemque
1792 3785 2224 3848 conversionem;
2257 3785 2396 3839 alter
2422 3803 2526 3840 non
2555 3803 2741 3854 corpus
2763 3785 2978 3851 Christi,
3006 3787 3096 3840 sed
3124 3788 3236 3855 ejus
3265 3789 3438 3857 potius
3465 3797 3647 3857 typum

415 3876 496 3930 vel
529 3876 759 3947 ﬁguram
794 3876 846 3927 in
875 3891 1011 3943 pane
1042 3875 1261 3940 vinoque
1289 3882 1591 3926 consecrato
1623 3874 1881 3942 agnoscit.
1918 3871 2102 3941 Utique
2147 3874 2294 3943 prior
2327 3889 2479 3925 error
2509 3876 2788 3942 posteriori
2825 3876 2960 3927 viam
2993 3876 3214 3937 sternit;
3245 3891 3370 3927 nam
3409 3876 3456 3926 si
3496 3876 3646 3927 nulla

413 3965 722 4018 substantia:
744 3963 1010 4016 conversio
1041 3959 1330 4031 perﬁcitur.
1361 3967 1679 4028 manentque
1700 3961 1854 4029 panis
1889 3976 1950 4012 ac
1980 3962 2201 4025 vinum;
2235 3976 2422 4029 corpus
2456 3959 2675 4025 Christi,
2707 3969 2781 4012 tot
2807 3976 2974 4013 sacra?
3000 3959 3290 4028 Scriptura:
3323 3958 3646 4028 Patrumque

416 4053 728 4106 testimoniis
767 4052 819 4102 in
855 4049 1192 4102 Eucharistia
1222 4056 1502 4110 assertum,
1541 4049 1756 4100 ubinam
1790 4050 1914 4102 est?
1955 4045 2208 4118 Sequitur
2237 4063 2383 4117 ergo,
2426 4055 2481 4099 ut
2517 4049 2729 4101 nonnisi
2760 4049 2934 4116 ﬁgura
2967 4049 3081 4117 ejus
3132 4065 3194 4101 ac
3241 4051 3644 4118 reprwsentatio

413 4143 464 4194 in
493 4142 587 4193 hoc
613 4148 911 4208 peragenda
945 4139 1191 4207 mysterio
1221 4135 1338 4202 ﬁat.
1377 4134 1525 4189 I’erit
1564 4137 1742 4205 itaque
1776 4135 2114 4205 futtditusque
2147 4135 2351 4188 deletur
2390 4136 2826 4205 pretiosissimum
2864 4136 3101 4189 omnium
3145 4137 3338 4190 divina:
3386 4151 3512 4206 erga
3550 4153 3645 4190 nos

413 4228 693 4281 charitatis
744 4226 1117 4278 documentum
1153 4240 1214 4276 ac
1245 4225 1465 4276 donum.
1504 4223 1669 4276 l’rimi
1719 4225 1914 4276 erroris
1959 4221 2290 4293 primipilum
2339 4239 2393 4276 se
2444 4223 2830 4291 quodammodo
2855 4223 2980 4276 olim
3032 4227 3147 4291 (an.
3187 4223 3346 4293 1675)
3375 4225 3645 4276 constituit

413 4316 645 4368 Joannes
703 4313 1028 4381 Anglicanus
1067 4310 1312 4364 Dunelmi
1347 4309 1566 4377 prtesul,
1603 4312 1741 4363 edito
1790 4311 1923 4365 libro
1969 4328 2083 4366 cum
2113 4313 2206 4364 hoc
2238 4313 2511 4364 invenusto
2558 4310 2713 4363 titulo
2738 4310 2975 4364 Historia
3003 4313 3639 4365 lranssubstanliationis

417 4403 659 4471 pupulis;
691 4400 842 4469 quasi
877 4400 984 4452 hac
1015 4399 1259 4451 doctrina
1287 4399 1502 4452 nonnisi
1526 4397 1735 4467 pupulis
1765 4401 1856 4462 sit,
1883 4403 2194 4453 decernente
2225 4400 2520 4468 privsertim
2545 4399 2700 4451 tertio
2725 4397 3052 4451 Innocentio.
3087 4399 3246 4466 Atqui
3269 4400 3426 4451 etiam
3454 4397 3643 4460 (ἐι-ατί,

416 4492 830 4557 nominatimque
860 4497 1033 4540 noster
1063 4487 1384 4549 Theodorus,
1415 4488 1550 4540 hanc
1575 4486 1807 4540 clamose
1834 4488 2133 4541 doctrinam
2156 4504 2246 4541 ore
2275 4488 2511 4556 praprio,
2537 4502 2641 4540 non
2668 4496 2844 4540 autent
2874 4484 3078 4555 papali,
3102 4486 3475 4554 depra'dicant.
3503 4485 3646 4538 Nam

413 4580 548 4647 quod
576 4579 771 4631 dicitur
805 4594 836 4629 a
870 4576 1016 4629 nobis
1050 4575 1299 4645 vigilante
1348 4575 1600 4629 vocabulo
1633 4576 2171 4636 tramssubstanliari.
2205 4575 2258 4628 id
2303 4573 2544 4628 videlicet
2597 4592 2630 4628 a
2680 4573 2968 4638 Theodoro,
3005 4590 3122 4626 cum
3171 4571 3356 4627 Graeca
3387 4573 3644 4638 Ecclesia,

413 4668 594 4721 cadent
623 4680 839 4734 prorsus
869 4666 1081 4718 notione
1107 4662 1361 4730 deﬁnitur
1405 4662 1861 4730 μεταϐάλλεσθαι,
1907 4679 2006 4730 μετ

2053 4663 2356 4724 ποιεῖσθαι,
2393 4661 2934 4730 μετασκευάζεσθαι,
2969 4660 3355 4729 μεθίστασθαι,
3387 4678 3644 4730 μεταστι-

414 4754 769 4822 χειώςασθαι.
805 4752 1080 4804 ποιεῖσθαι
1115 4750 1197 4804 vel
1225 4750 1476 4818 γίνεσθαι
1514 4751 1675 4820 σῶμα
1707 4751 1803 4804 καὶ
1835 4745 1975 4818 uiua
2007 4753 2012 4803 ἰ

2048 4750 2269 4820 piaret”).
2305 4751 2431 4804 llwc
2459 4751 2710 4804 nintirunt
2745 4760 2934 4803 cuneta
2967 4748 3219 4803 vocabula
3264 4747 3455 4818 legenti
3489 4748 3646 4802 Theo-

415 4847 600 4898 dorum
627 4842 807 4895 statim
837 4847 1131 4894 occurrent.
2487 4851 2491 4856 ·

485 4931 632 4985 Alter
665 4931 886 4997 pariter,
916 4930 981 4981 de
1005 4936 1127 4998 typo
1153 4927 1347 4982 scilicet
1375 4925 1484 4980 loco
1515 4927 1588 4980 rei
1625 4943 1780 4991 verae,
1809 4943 1957 4980 error
1986 4925 2349 4979 disertissimis
2386 4924 2550 4979 verbis
2583 4943 2614 4978 a
2647 4933 2825 4978 nostro
2857 4922 3123 4977 Theodoro
3153 4925 3470 4994 exploditur,
3498 4943 3648 4995 quem

413 5017 578 5071 oculis
633 5019 864 5069 lustrare
907 5016 1037 5068 satis
1080 5017 1168 5068 sit.
1216 5014 1464 5066 Attamen
1515 5014 1799 5067 redivivum
1835 5015 1929 5067 hoc
1965 5023 2337 5073 commentum,
2388 5028 2644 5080 nuperum
2682 5027 2887 5080 quoque
2931 5022 3217 5079 patronum
3266 5025 3452 5066 nactus
3492 5024 3645 5076 erat,

412 5110 622 5160 doctum
660 5105 832 5158 virum
895 5101 1287 5172 Anglicanam;
1335 5102 1420 5153 cui
1464 5104 1649 5154 statim
1679 5117 1797 5154 cunt
1844 5101 2126 5168 peridonea
2171 5101 2364 5168 lingua:
2409 5096 2764 5166 Ecclesiaeque
2803 5098 3034 5172 Syriaca
3069 5100 3314 5167 prazsidio
3358 5099 3645 5152 catholicus

413 5197 563 5247 heros
590 5188 1237 5258 occurrens,splendidam
1271 5188 1528 5255 palmam,
1565 5186 1840 5258 philosgris
1865 5188 1983 5242 la'te
2013 5186 2401 5257 plaudentibus,
2437 5186 2749 5256 reportavit.
2801 5184 3102 5239 Redivivunt
3131 5187 3242 5239 dixi
3268 5194 3642 5253 commentum,

411 5284 535 5348 quia
565 5281 686 5348 jam
731 5277 923 5331 sa'culo
955 5276 1150 5332 Christi
1181 5291 1318 5328 nono
1370 5274 1607 5328 Joannes
1638 5273 1823 5328 Scotus
1870 5275 2101 5343 Ifrigena
2129 5273 2286 5343 hujus
2333 5274 2530 5327 erroris
2574 5273 2801 5340 infamia
2849 5271 3200 5344 flagraverat,
3245 5275 3332 5340 qui
3377 5272 3570 5324 idcirco
3612 5293 3643 5328 α

412 5368 646 5421 conciliis
679 5375 834 5434 atque
861 5364 1190 5434 pontiﬁcibus
1221 5363 1445 5415 solemni
1475 5363 1737 5416 sententia
1768 5364 2036 5432 perculsus
2065 5362 2182 5431 fuit.
2218 5362 2573 5425 Quamobrem
2608 5360 2809 5426 frustra
2853 5370 2927 5413 est
2956 5359 3291 5428 supradictus
3323 5357 3642 5413 Dunelmen-

413 5459 506 5512 sis.
544 5457 635 5524 qui
661 5455 834 5523 Operis
862 5454 944 5506 sui
979 5450 1215 5520 capitulo
1260 5449 1386 5513 VII,
1421 5466 1472 5504 η.
1512 5449 1567 5510 7,
1597 5450 1722 5503 dum
1753 5449 1955 5519 fatetur
1984 5453 2299 5504 damnatum
2343 5451 2507 5517 fuisse
2537 5447 2852 5518 Erigenam,
2895 5449 3047 5518 quasi
3081 5463 3272 5516 panem
3305 5457 3352 5499 et
3381 5449 3557 5500 vinum
3589 5451 3643 5500 in

420 5545 774 5607 l'fttcltaristia,
807 5540 948 5594 nuda
977 5548 1183 5591 tantum
1213 5538 1362 5605 signa
1392 5553 1500 5590 esse
1528 5543 1873 5598 asseveraret,
1906 5537 2082 5590 subdit
2117 5550 2319 5606 postea,
2352 5537 2404 5589 id
2430 5536 2492 5590 ab
2523 5536 2634 5604 ejus
2659 5550 2815 5589 sensu
2845 5545 2890 5588 et
2922 5534 3026 5603 ﬁde
3059 5535 3287 5586 maxime
3316 5534 3475 5604 fuisse
3512 5537 3646 5587 alic-

414 5649 557 5684 num.
607 5629 1062 5684 Veruntenintvero
1116 5627 1223 5678 ha'c
1250 5625 1496 5694 Erigenie
1529 5624 1800 5693 apologia,
1834 5635 2018 5678 contra
2049 5641 2257 5678 onmem
2307 5624 2541 5676 historia?
2576 5624 2852 5677 veritatem
2883 5639 2913 5674 a
2951 5619 3294 5674 Dunelmensi
3324 5615 3426 5688 ﬁt;
3481 5637 3642 5690 quam

413 5719 699 5788 comperire
739 5717 791 5770 in
828 5715 1068 5785 plurimis
1109 5713 1252 5766 libris
1281 5711 1418 5776 licet,
1457 5721 1506 5765 et
1534 5722 1672 5764 certe
1701 5711 1843 5778 apud
1873 5710 2117 5766 Natalem
2159 5711 2521 5764 Alexandrum
2552 5711 2673 5762 hist.
2703 5724 2825 5761 δωσ.
2852 5707 2953 5771 IX,
2977 5708 3188 5762 dissert.
3229 5706 3387 5774 XIV,
3440 5724 3646 5765 necnon

413 5807 464 5858 in
500 5803 649 5859 I'etri
679 5805 742 5858 de
771 5802 962 5857 Marca
994 5801 1149 5869 longa
1182 5799 1402 5868 epistola
1441 5800 1582 5869 apud
1618 5799 1931 5852 Dachcrium
1963 5797 2145 5868 Spicil.
2179 5807 2220 5848 ει
2259 5795 2367 5859 IIl,
2405 5812 2456 5863 p.
2486 5797 2609 5850 8355.
2636 5796 2750 5848 luto
2785 5811 2904 5847 vero
2939 5797 2994 5848 in
3031 5795 3270 5849 carmine
3297 5813 3502 5867 quoque
3527 5799 3644 5867 ejus

379 5895 675 5981 .vaschali,
706 5894 843 5964 quod
865 5909 983 5948 cum
1009 5891 1129 5948 aliis
1165 5893 1216 5948 in
1243 5901 1380 5944 tomo
1410 5893 1590 5960 quinta
1619 5889 1978 5955 Class-iceram
2013 5888 2119 5941 AA.
2159 5903 2249 5938 nos
2281 5885 2558 5964 edidimus,
2595 5883 2827 5954 ejusdem
2859 5885 3114 5951 luereseos
3149 5887 3360 5954 vestigia
3399 5885 3647 5962 coinqui-

3700 1281 3717 1323 ε
