4048 6522
396 469 504 529 883

1790 470 2125 530 ETIIICON
2175 471 2219 532 i.

3538 472 3643 533 886

397 584 600 650 ἄφετος
634 582 665 645 ἡ
697 583 794 650 τῆς
819 585 1017 654 ἁρετης
1050 587 1220 655 ἰσχὺς,
1249 589 1392 642 οὕτω
1428 589 1569 655 μέγα
1602 587 1696 639 καὶ
1740 586 1872 640 πολὺ
1899 588 1954 638 τὴ

2065 596 2148 638 05!.
2216 596 2271 638 et
2329 584 2634 649 iueﬂabilis,
2674 585 2743 638 ila
2791 586 3049 640 maiorum
3101 587 3515 643 imbeciliitatctn
3574 607 3641 642 ex

393 674 493 739 τῆς
530 673 728 736 κακίας
756 676 952 744 σαθρὸν
978 678 1255 732 δείκνυται
1292 680 1646 749 πολλαχόθεν.
1681 679 1816 747 Φέρε
1848 679 1960 730 τοί-

394 783 489 816 νυν
523 767 629 828 πρὸ
670 767 778 819 τῶν
811 766 988 821 ἄλλων
1022 771 1271 840 ἱστοριῶν
1330 772 1429 839 τῆς
1478 771 1618 823 κατὰ
1654 771 1745 823 τὸν
1800 770 1962 821 Δαϐὶδ

398 855 724 924 μνησθῶμεν
750 858 844 910 καὶ
872 862 964 910 τἰν
996 861 1172 914 Σαούλ
1195 878 1207 891 ·
1245 861 1484 930 ἠδικεῖτο
1532 863 1628 929 μὲν
1662 863 1771 930 γάρ
1796 864 1823 913 6
1853 863 1961 912 Δα-

391 946 421 995 6
448 945 476 998 6
505 946 698 1013 πολλα,
726 948 903 1017 ἠδίκει
946 951 1001 1003 δὲ
1033 952 1060 1003 6
1096 953 1265 1007 Σαοὺλ
1300 952 1506 1008 πολλά·
1541 953 1623 1016 τίς
1647 953 1741 1005 οὖν
1777 953 1959 1005 αὐτῶν

390 1037 720 1107 ἀθλιώτερος
748 1042 940 1106 γέγονε
982 1044 1077 1094 καὶ
1108 1044 1510 1114 ὲλεεινότερος;
1554 1044 1664 1114 Οὐχ
1711 1047 1738 1097 6
1767 1045 1960 1113 ἠδικη-

392 1129 504 1191 κὼς
530 1147 546 1192 ς
602 1131 905 1201 Σκοπῶμεν
947 1134 1002 1185 δέ
1030 1149 1042 1161 ·
1082 1134 1348 1202 ὑπέσχετο
1378 1138 1405 1188 6
1436 1136 1608 1189 Σαοὺλ
1639 1138 1690 1188 εἰ
1743 1137 1961 1189 καθέλοι

389 1222 481 1272 τὸν
541 1221 896 1288 ἁλλόφυλονό
926 1224 1111 1282 Δαϐἲδ.
1143 1225 1411 1294 κηδεστὴν
1459 1226 1621 1279 αὐτὸν
1671 1225 1959 1295 λήψεσθαι,

390 1312 481 1363 καὶ
520 1312 704 1364 δοῦναι
763 1313 861 1382 τὴν
896 1314 1175 1384 θυγατέρα
1223 1317 1370 1385 αὑτῷ
1419 1319 1556 1386 μετὰ
1624 1317 1824 1387 πολλῆς
1860 1318 1961 1387 τῆς

386 1404 638 1471 γάριτος·
673 1405 892 1457 καθεῖλε
926 1408 1021 1459 τὶν
1057 1406 1358 1473 ἀλλόφυλον
1382 1423 1395 1437 ⁸
1434 1408 1652 1475 παρέϐη
1697 1411 1794 1471 τὰς
1832 1427 1958 1461 συν-

388 1499 556 1566 ῐ.ήκας
586 1501 814 1562 ἐκεῖνος,
862 1503 956 1553 καὶ
987 1501 1046 1552 οὐ
1101 1501 1264 1570 μόνον
1295 1504 1395 1556 οὐκ
1450 1503 1644 1565 ἐδίδου,
1680 1502 1815 1555 ἀλλά
1865 1506 1962 1556 καὶ

386 1589 628 1656 ἀναιρεῖν
677 1589 974 1658 ἐπεχείρει.
1025 1589 1118 1653 Τίς
1150 1588 1245 1644 οὖν
1293 1592 1646 1663 ίσχυρότερος
1691 1593 1953 1661 γέγονενς

385 1680 497 1748 Οὲχ
532 1681 560 1732 6
612 1682 712 1747 μὲν
746 1683 1085 1749 ἁπεπνίγετο
1116 1683 1221 1737 ὑπό
1262 1688 1356 1752 τῆς
1394 1685 1653 1755 ,ἀθυμίας
1706 1684 1800 1737 καὶ
1860 1684 1956 1738 τοῦ

389 1773 629 1840 πονηροῦ
654 1773 929 1842 δαίμονος,
963 1776 991 1827 6
1020 1774 1076 1827 δὲ
1109 1775 1252 1846 ὑπὲρ
1278 1777 1368 1829 τὸν
1398 1777 1552 1846 ἥλιον
1582 1776 1819 1844 ἔλαμπε,
1864 1777 1958 1828 καὶ

383 1866 497 1926 τοῖς
527 1865 812 1934 τροπαίοις
861 1866 979 1933 μὲν,
1031 1866 1271 1936 μάλιστα
1318 1868 1372 1921 δὲ
1407 1870 1470 1937 τῇ
1521 1867 1654 1936 πρὸς
1701 1867 1835 1920 Θεὸν
1865 1866 1959 1920 εὐ-

381 1957 535 2027 νοία;
573 1956 766 2022 Πάλιν,
793 1959 887 2010 ἐπὶ
935 1958 1029 2011 τοῦ
1058 1959 1221 2029 χοροῦ
1251 1960 1359 2012 τῶν
1388 1961 1688 2027 γυναικῶν,
1725 1960 1819 2013 τὸν
1850 1962 1953 2012 Δα-

382 2048 468 2098 ϐὶδ
498 2048 636 2117 ὑπὲρ
667 2047 754 2100 τὸν
784 2049 959 2102 Σαοὺλ
988 2051 1351 2113 ποιουμένων,
1378 2054 1437 2104 ἐν
1471 2051 1548 2120 τῷ
1574 2050 1757 2119 λέγειν
1783 2051 1955 2104 Σαοὺλ

381 2141 440 2190 ὲν
474 2138 702 2208 χιλιάσι,
734 2140 829 2192 καὶ
860 2140 1024 2194 Δαδὶδ
1051 2144 1107 2195 ἐν
1144 2142 1430 2212 μυριάσιν,
1456 2142 1557 2212 οὐχ
1584 2144 1610 2194 6
1646 2143 1745 2211 μὲν
1772 2143 1955 2210 ἀπηγο

380 2231 630 2299 χονίζετο
676 2231 753 2301 τῷ
785 2232 990 2302 φθόνῳ,
1044 2234 1136 2286 καὶ
1173 2237 1317 2287 κατᾶ
1363 2232 1456 2287 τοῦ
1501 2235 1663 2288 Δαϐιδ
1698 2236 1954 2303 ἐμελέτα,

380 2322 601 2390 τρέμων
635 2323 799 2376 αὑτὸν
830 2327 926 2378 καὶ
955 2326 1313 2397 φοϐούμενος,
1349 2329 1376 2380 6
1401 2328 1458 2381 δὲ
1484 2330 1610 2399 σιγῇ
1647 2330 1826 2382 πάντα
1858 2331 1957 2397 φέ-

385 2430 514 2477 ρων,
547 2413 797 2477 ἅπαντας
844 2410 957 2470 εἷλε
997 2419 1085 2471 καὶ
1132 2419 1314 2488 ἑαυτῷ
1358 2422 1739 2490 προσέδησεν;
1771 2421 1958 2492 ἐπειδὴ

381 2507 410 2558 6
445 2506 544 2568 μὲν
579 2507 793 2561 ἀνελεῖν
823 2511 1104 2581 ἐπεχείρει
1128 2513 1414 2575 πολλάκις,
1455 2515 1482 2566 ὁ
1513 2514 1570 2567 δὲ
1598 2513 1954 2583 διωκόμενος,

382 2596 475 2645 τὸν
510 2595 768 2666 πολέμιον
817 2598 897 2659 είς
948 2603 1134 2668 χεῖρας
1178 2601 1475 2670 ἐλάμϐανε,
1520 2602 1613 2655 καὶ
1661 2602 1957 2669 λαμϐάνων

383 2687 666 2751 ἐφείδετο·
721 2691 805 2751 τίς
859 2691 1291 2761 ἀσθενέστερος;
1345 2693 1430 2753 τίς
1480 2693 1537 2745 δὲ
1587 2693 1955 2761 δυνατώτερος

383 2778 689 2845 ὲδείκνυτο;
720 2780 833 2850 Οὐχ
865 2776 1039 2847 οὗτος,
1082 2786 1109 2836 ὁ
1156 2785 1288 2855 μηδὲ
1319 2785 1543 2848 δικαίως
1583 2784 1754 2838 θέλων
1790 2786 1953 2850 ἐπεξ-

383 2871 556 2923 ελθεῖν
582 2889 597 2938 ;
653 2875 750 2926 καὶ
812 2874 958 2944 μάλα
988 2876 1216 2938 εἰκότως
1240 2893 1255 2908 ο
1282 2878 1308 2928 6
1339 2877 1440 2943 μὲν
1477 2876 1586 2947 γὰρ
1618 2877 1955 2945 στρατιώτας

381 2962 784 3032 ὡπλισμένους,
818 2969 845 3018 ό
868 2967 921 3019 δὲ
947 2966 1041 3034 τὴν
1065 2968 1415 3037 δικαιοσύνην
1435 2969 1531 3037 τὴν
1553 2968 1760 3038 μυρίων
1790 2985 1955 3035 στρα-

382 3057 626 3108 τοπέδων
682 3059 1037 3126 ἰσχυροτέραν
1090 3055 1202 3128 εἷχε
1256 3059 1548 3128 σύμμαχον
1602 3060 1695 3113 καὶ
1734 3058 1948 3129 βοηθόν.

380 3146 483 3197 Διά
520 3162 601 3197 τοι
635 3145 796 3199 τοῦτο
826 3147 1230 3209 ἐπιϐουλευθεὶς
1281 3149 1500 3209 ἀδίκως,
1550 3149 1670 3202 οὐδὲ
1725 3149 1953 3211 δικαίως

2068 675 2254 729 multis
2319 675 2451 729 locis
2502 677 2789 730 ostendere
2851 678 3106 745 suppetit.
3158 683 3268 748 Age
3322 696 3470 747 ergo,
3533 696 3641 747 prae

2068 767 2189 818 aliis
2221 766 2645 830 narrationibus,
2674 766 2817 821 illius
2868 771 3218 823 recordentur
3242 785 3358 836 qua:
3391 770 3553 824 David
3586 780 3643 824 et

2067 855 2245 908 Saulis
2282 855 2564 909 historiam
2601 858 2996 927 complectitur.
3039 860 3093 913 In
3147 861 3332 914 multis
3378 862 3534 916 laesus
3560 872 3642 917 est

2068 947 2264 1011 David,
2314 949 2365 1000 in
2428 948 2614 1003 multis
2645 965 2767 1003 cum
2807 950 2942 1003 laesit
2973 951 3122 1005 Sani.
3159 951 3288 1006 Uter
3351 954 3640 1007 miserabiv

2065 1034 2167 1088 lior
2214 1034 2437 1088 evasit?
2466 1033 2656 1089 Nonne
2696 1037 2785 1106 qui
2819 1038 2956 1093 laesit
2982 1039 3006 1091 ?
3037 1040 3325 1095 Videamus
3360 1061 3374 1107 ;
3437 1041 3642 1112 promi-

2066 1134 2213 1179 serat
2268 1127 2418 1188 Sanl,
2466 1127 2507 1181 si
2546 1126 2708 1180 David
2755 1129 3055 1200 allophylos
3112 1133 3350 1199 vicisset,
3396 1150 3521 1188 eum
3582 1149 3642 1189 se

2072 1218 2126 1270 in
2156 1233 2415 1286 generum
2448 1219 2746 1273 ascitutum
2775 1229 2828 1273 et
2858 1222 3041 1276 multis
3066 1224 3257 1292 gratiis
3292 1229 3638 1283 ornatu‘rum.

2063 1309 2380 1380 Ailnpbylos
2407 1308 2609 1380 fugavit
2633 1308 2796 1363 David
2824 1327 2839 1372 ;
2869 1313 3019 1373 Sani,
3038 1315 3410 1383 promissionis
3443 1316 3636 1376 imme-

2067 1419 2203 1464 mor,
2236 1418 2343 1455 non
2374 1402 2545 1455 solum
2581 1402 2741 1455 tiliam
2773 1402 2822 1457 ei
2855 1403 2983 1457 dare
3022 1409 3318 1477 recusavit,
3368 1409 3463 1463 sed
3514 1426 3639 1464 eum

2064 1494 2424 1548 meditabatur
2463 1494 2807 1575 interﬁcerea
2836 1496 2969 1561 Quis
3014 1512 3143 1567 ergo
3169 1500 3397 1555 validior
3429 1504 3642 1558 evasit?

2064 1586 2195 1640 Sani
2252 1601 2456 1647 nonne,
2501 1587 2593 1654 qui
2655 1586 2710 1639 in
2756 1587 2923 1641 animi
2961 1588 3322 1657 dejectionem
3362 1592 3640 1658 .incidcns,

2071 1676 2198 1732 mali
2235 1678 2495 1730 daetuonis
2546 1682 2817 1746 possessio
2858 1679 3032 1734 factus
3064 1692 3170 1746 est,
3224 1693 3318 1738 aut
3352 1684 3513 1740 David
3550 1690 3639 1757 qni

2072 1768 2290 1837 tropzris
2322 1777 2375 1820 et
2417 1769 2720 1835 praesertim
2756 1770 2806 1821 in
2847 1772 3011 1825 Deum
3038 1771 3237 1840 pietate
3270 1790 3432 1843 supra
3476 1778 3640 1833 sole'n

2067 1858 2384 1924 splenduit?
2431 1859 2643 1914 Rursus
2692 1876 2813 1913 cmn
2871 1863 3160 1918 mulierum
3212 1866 3433 1934 chorus,
3472 1869 3639 1923 David

2072 1966 2234 2021 supra
2267 1952 2488 2007 Saulem
2542 1953 2830 2017 extollens,
2864 1955 3166 2012 clamaret:
3199 1956 3326 2012 Sani
3373 1961 3422 2012 in
3485 1962 3644 2014 milli-

2067 2045 2189 2108 bus,
2216 2043 2385 2098 David
2421 2046 2473 2096 in
2508 2044 2691 2099 decem
2728 2047 2990 2110 millibus.
3033 2065 3213 2104 nonne
3252 2049 3450 2105 invidia
3495 2068 3641 2107 mor-

2070 2138 2299 2191 debatur
2328 2147 2383 2191 et
2414 2146 2600 2190 contra
2626 2137 2795 2191 David
2828 2140 3195 2195 meditabatur
3215 2142 3339 2196 odio
3362 2153 3415 2196 et
3449 2145 3642 2198 timore

2065 2225 2401 2294 exagitatus;
2446 2224 2533 2278 hic
2572 2236 2773 2291 autem,
2809 2229 2973 2283 tacite
3004 2231 3186 2286 omnia
3223 2231 3430 2298 ferens,
3467 2236 3639 2302 spolia

2072 2328 2297 2372 cruenta
2331 2319 2377 2372 ei
2415 2319 2635 2373 obtulit.
2672 2319 2799 2374 Saul
2829 2332 3013 2391 postea
3044 2323 3298 2380 Davidem
3332 2327 3640 2385 interlirerc

2067 2423 2208 2477 scr-pe
2237 2409 2536 2479 quaerebat,
2561 2411 2649 2466 hic
2674 2411 2896 2467 inimico
2921 2429 3078 2480 quem
3124 2415 3175 2468 in
3202 2420 3449 2473 manibus
3476 2419 3642 2473 habeo

2072 2507 2186 2565 bat,
2220 2504 2485 2571 pepercit.
2537 2504 2670 2569 Quis
2710 2505 2962 2572 debilior,
3005 2508 3126 2576 quis
3162 2509 3389 2562 validior
3428 2513 3642 2567 evasit?

2068 2595 2183 2650 Non
2217 2596 2303 2649 ille
2337 2596 2431 2664 qui
2465 2596 2917 2667 noluitjustitiam
2949 2601 3138 2668 sequi;
3174 2601 3372 2670 etjure
3399 2604 3593 2657 merito
3623 2623 3637 2636 ο

2073 2690 2161 2741 hic
2210 2689 2356 2741 enim
2418 2689 2619 2743 milites
2663 2689 2939 2756 loricatos,
3002 2693 3092 2747 ille
3129 2704 3309 2748 autem
3345 2695 3639 2763 justitiam,

2071 2790 2403 2833 armatorum
2461 2781 2792 2863 myrigdibus
2822 2783 3168 2855 Validiorem,
3207 2785 3308 2840 sibi
3365 2785 3636 2846 faventem

2063 2881 2115 2922 et
2149 2871 2549 2926 auxiliatricem
2582 2872 2795 2927 habuit.
2825 2874 2890 2929 Et
2919 2876 3058 2940 ideo,
3083 2876 3173 2952 qui
3201 2880 3636 2957 persecutionem

2068 2962 2269 3030 injuste
2307 2978 2501 3033 passus
2526 2962 2726 3031 fuerat,
2754 2965 2964 3035 ulcisci,
2992 2969 3239 3036 quamvis
3258 2968 3420 3037 juste,
3445 2971 3637 3024 noluit.

2061 3052 2296 3107 Noverat
2326 3054 2469 3107 enim
2502 3070 2567 3109 ex
2619 3058 2884 3111 anteactis
2918 3074 3021 3112 non
3055 3058 3253 3126 injuria
3279 3060 3651 3135 ειηὶιήσιιιυιιιη

2065 3147 2156 3200 sed
2190 3147 2279 3214 qui
2308 3145 2564 3214 irjuriam
2602 3150 2826 3219 patitur,
2860 3147 3218 3219 potentiorem
3254 3153 3393 3207 cl‘liei

374 3239 588 3297 ἀνελεῖν
620 3241 914 3310 ὑπέμεινεν
942 3256 956 3270 ·
988 3239 1105 3311 ᾔδει
1137 3244 1245 3313 γὰρ
1273 3242 1336 3296 ἐκ
1365 3242 1474 3295 τῶν
1502 3242 1836 3312 ἔμπροσθεν,
1869 3243 1950 3294 ὅτι
1991 3240 2051 3295 οὗ
2086 3241 2144 3297 τὸ
2174 3242 2352 3299 ποιεῖν
2386 3239 2598 3304 κακῶς,
2620 3241 2758 3299 ἀλλὰ
2789 3242 2847 3294 τδ
2918 3244 3151 3313 πάσχειν
3228 3246 3436 3312 κακῶς,
3478 3244 3637 3300 τοῦτο

378 3335 525 3385 ποιεῖ
554 3333 823 3388 δυνατωτέ
832 3351 981 3405 ρους.

453 3507 520 3576 β’.
550 3506 721 3562 Τοῦτο
773 3512 868 3562 καὶ
920 3510 1010 3563 ἐπὶ
1055 3510 1163 3563 τῶν
1200 3510 1473 3582 σωμάτιον
1518 3510 1749 3578 γίνεται,
1796 3509 1954 3564 τοῦτο

2131 3508 2186 3562 2.
2210 3506 2322 3562 Hoc
2353 3515 2405 3562 et
2436 3508 2491 3561 in
2534 3509 2852 3576 corporibus
2877 3521 3104 3563 cernere
3130 3517 3213 3563 est
3240 3519 3295 3563 et
3329 3510 3381 3563 in
3420 3512 3633 3564 arbori-

380 3601 475 3652 καὶ
504 3601 596 3653 ἐπὶ
640 3602 750 3655 τῶν
780 3602 1013 3672 δένδρων
1041 3618 1056 3632 ⁸
1086 3605 1174 3656 ὅτε
1206 3602 1261 3654 δὲ
1291 3602 1453 3660 αὐτὸς
1495 3594 1650 3663 οὗτος
1679 3603 1705 3655 6
1759 3600 1952 3672 ἀδικη·

380 3690 493 3752 θεὶς
538 3693 632 3743 καὶ
678 3692 906 3760 ἰσχύσας
936 3692 1199 3763 ἠδίκησεν
1240 3690 1455 3760 ἕτερον,
1491 3690 1593 3759 δρα
1621 3689 1739 3751 πῶς
1787 3686 1951 3741 ἀσθε-

380 3779 634 3848 νέστερος
665 3783 889 3848 γέγονεν
916 3797 928 3810 ο
962 3781 1189 3850 ἠδίκησε
1220 3780 1312 3831 τὸν
1344 3778 1570 3849 Οὐρίαν,
1596 3779 1690 3830 καὶ
1715 3777 1952 3847 μετέστη

384 3869 546 3923 πάλιν
576 3872 606 3939 ἡ
635 3870 784 3934 τάξις
813 3887 827 3898 ⁸
865 3872 956 3923 καὶ
992 3873 1023 3941 ἠ
1063 3872 1162 3940 μὲν
1191 3870 1446 3924 ἀσθένεια
1481 3870 1613 3941 πρὸς
1642 3870 1731 3922 τὸν
1764 3869 1956 3938 ἀδική-

384 3979 575 4026 σαντα,
605 3964 639 4027 ἡ
685 3962 740 4015 δὲ
793 3962 1023 4032 δύναμις
1062 3965 1193 4036 πρὶς
1230 3964 1321 4016 τδν
1369 3963 1702 4032 ἀδικηθέντα
1756 3961 1949 4029 διέ6η⁶

380 4053 474 4106 καὶ
522 4054 713 4123 νεκρὸς
744 4052 820 4106 ὢν
855 4052 1060 4125 Οὐρίας
1107 4042 1329 4125 τὴνκτοῦ
1379 4054 1544 4106 Δαὸὶδ
1569 4054 1748 4106 οἰκίαν
1791 4052 1954 4122 ἐπόρ-

380 4143 465 4194 θει
486 4158 499 4172 ο
533 4144 627 4195 καλ⁵
668 4144 831 4213 αὐτὸς
868 4143 966 4211 μὲν
994 4143 1247 4213 βαριλεὺς
1277 4141 1351 4195 ὣν
1379 4143 1474 4196 καὶ
1505 4142 1613 4206 ζῶν
1644 4144 1698 4194 ὲν
1740 4141 1950 4208 ὅπλοις,

378 4235 534 4287 οὐδὲν
571 4234 816 4311 ἴσχυσεν,
849 4238 1056 4299 ἐκεῖνος
1081 4236 1135 4289 δὲ
1165 4237 1259 4289 καὶ
1296 4234 1636 4305 στρατιώτης
1667 4226 1952 4304 τυγχάνων

380 4330 475 4379 καὶ
508 4329 758 4396 σφαγεὶς,
802 4328 982 4381 πάντα
1008 4328 1077 4380 τὰ
1111 4328 1322 4381 ἐκείνου
1378 4327 1491 4381 ἄνω
1524 4327 1618 4380 καὶ
1668 4328 1817 4380 κάτω
1854 4344 1952 4379 πε-

382 4419 576 4486 ποίηκε
603 4436 617 4449 ο
645 4420 739 4473 καὶ
767 4420 876 4490 γὰρ
910 4421 1020 4490 ὅσῳ
1077 4420 1279 4490 πολλὴν
1317 4421 1405 4473 ἀεὶ
1436 4419 1535 4490 τὴν
1568 4420 1771 4489 μανίαν
1810 4418 1954 4473 κατὰ

382 4512 478 4579 τῆς
508 4513 710 4582 ἀρετῆς
735 4506 1163 4583 ἐπιδείκνυταιή
1192 4511 1383 4576 κακία,
1414 4512 1672 4566 τοσοῦτον
1698 4514 1759 4565 οὐ
1792 4512 1953 4582 μόνον

381 4602 534 4653 οὐδὲν
570 4603 739 4672 αὐτὴν
773 4603 1024 4671 βλάπτει,
1071 4602 1210 4656 ἀλλὰ
1239 4604 1336 4656 καὶ
1378 4603 1456 4673 τῷ
1495 4603 1753 4672 πολεμεῖν
1803 4603 1955 4672 ίσχυ-

385 4697 612 4765 ροτέραν
649 4695 820 4765 αὐτὴν
850 4694 1231 4764 ἀπεργάζεται
1258 4711 1272 4727 ⁸
1303 4694 1540 4765 τοσαύτη
1564 4694 1672 4764 γὰρ
1697 4694 1797 4763 τῆς
1825 4693 1955 4762 ἀρε-

377 4788 477 4854 τῆς
513 4789 544 4854 ἡ
579 4788 753 4855 ἰσχὺς,
802 4786 884 4838 ὅτι
916 4786 1013 4839 καὶ
1056 4786 1112 4837 ὲν
1138 4783 1216 4854 τῷ
1253 4785 1484 4855 πάσχειν
1526 4786 1637 4838 τῶν
1693 4784 1953 4839 τοιούτων

2060 3599 2183 3655 bus.
2237 3600 2329 3655 llle
2360 3600 2474 3668 ipse
2506 3602 2596 3669 qui
2639 3599 2892 3669 injuriam
2928 3615 3121 3668 passus
3153 3599 3351 3666 fuerat,
3387 3619 3508 3658 cum
3537 3620 3633 3672 po-

2062 3691 2227 3745 tentia
2267 3702 2461 3746 auctus
2492 3691 2654 3744 alium
2695 3692 2850 3756 laesit,
2878 3692 3003 3747 vide
3038 3697 3311 3761 quomodo
3344 3695 3634 3751 imbecillis

2062 3781 2260 3835 evasit.
2299 3780 2488 3836 Uriam
2530 3780 2724 3847 injuria
2756 3780 2940 3834 affecit
2973 3791 3028 3835 ct
3064 3784 3198 3836 ordo
3229 3793 3462 3840 mutatus
3499 3797 3584 3839 est
3619 3803 3632 3842 :

2057 3870 2405 3926 imbecillitas
2446 3871 2588 3923 enim
2637 3871 2703 3923 ad
2738 3870 2937 3939 injuste
2973 3882 3252 3941 agentem,
3294 3877 3526 3945 potentia
3560 3880 3625 3929 ad

2054 3963 2566 4039 injttsta‘patientem
2597 3964 2827 4030 transiit,
2861 3974 2915 4018 et
2938 3974 3184 4021 mortuus
3218 3966 3378 4022 Urias
3409 3970 3625 4022 domum

2055 4054 2219 4108 David
2235 4054 2468 4122 evertit;
2500 4064 2554 4109 et
2585 4056 2699 4125 ipse
2731 4070 2824 4109 rex
2857 4058 3119 4112 exsistens
3136 4067 3187 4113 et
3209 4059 3433 4113 armatis
3463 4058 3634 4131 stipa:

2055 4154 2160 4212 tus,
2194 4144 2326 4199 nihil
2362 4144 2560 4210 valuit;
2590 4143 2746 4200 Urias
2765 4155 2967 4213 autem,
2990 4147 3236 4216 quamvis
3267 4148 3419 4203 miles
3440 4156 3653 4219 grega-’

2053 4237 2190 4299 rius’,
2251 4235 2504 4305 quamvis
2563 4236 2907 4303 interfectus,
2960 4239 3140 4304 omnia
3191 4238 3310 4306 ejus
3358 4241 3642 4310 susdequo.

2053 4326 2231 4380 vertit.
2252 4325 2462 4392 Quanto
2492 4327 2633 4380 enim
2661 4326 2912 4380 virtutem
2932 4326 3192 4380 insaniori
3218 4326 3404 4381 furore
3428 4330 3633 4396 appetit

2053 4417 2391 4484 improbitas.
2424 4427 2631 4473 tantum
2664 4434 2769 4472 non
2803 4419 2966 4473 modo
2985 4429 3170 4481 contra
3211 4433 3334 4487 eam
3368 4420 3502 4473 nihil
3541 4437 3632 4483 va:

2055 4506 2148 4572 let,
2181 4509 2274 4561 sed
2320 4509 2621 4565 assultibus.
2648 4512 2762 4564 suis
2803 4525 2922 4564 eam
2983 4510 3296 4564 validiorem
3330 4510 3514 4564 ellicrt.
3553 4511 3631 4566 Ea

2055 4613 2138 4656 est
2175 4603 2318 4656 enim
2369 4605 2588 4659 virtutis
2621 4605 2700 4658 vis
2727 4615 2786 4659 ut
2822 4605 2947 4660 talia
2984 4606 3198 4674 patiens
3252 4607 3544 4677 praevaleat
3574 4619 3630 4663 et

2058 4696 2110 4747 in
2151 4709 2327 4764 pugna
2358 4696 2731 4765 pugnantibus
2768 4698 3019 4765 superior
3053 4699 3269 4752 evadat.
3308 4696 3494 4752 Davidi
3530 4716 3631 4751 an-

2058 4786 2267 4853 tiquum
2329 4771 2551 4841 Abelem
2611 4799 2795 4841 mente
2835 4789 3152 4858 jungamns.
3195 4789 3327 4843 Abel
3380 4804 3561 4843 nonne
3599 4807 3629 4844 a

378 4875 743 4945 περιγίνεται,
778 4875 874 4927 καὶ
907 4877 961 4925 ὲν
990 4874 1067 4943 τῷ
1100 4874 1461 4943 πολεμεῖσθαι
1510 4876 1622 4929 τῶν
1654 4874 1941 4945 πολεμούν-

2063 4874 2226 4931 Caino
2263 4878 2484 4932 occisus
2516 4886 2599 4933 est
2618 4878 2722 4931 ?~at
2767 4880 2985 4933 occisus
3020 4881 3145 4935 inde
3171 4883 3243 4934 ab
3283 4894 3350 4934 eo
3393 4892 3632 4949 tempore

376 4987 487 5021 των
514 4968 763 5036 ἀνωτέρα
795 4966 1142 5022 καθίσταται.
1187 4967 1490 5038 Ἐννοῶμεν
1533 4968 1629 5020 σὺν
1672 4967 1750 5038 τῷ
1785 4967 1951 5020 Δαϐὶδ

380 5064 476 5114 καὶ
521 5062 612 5113 τὸν
657 5060 1011 5129 παμπάλαιον
1046 5057 1212 5111 Ἀὅελ
1241 5076 1256 5090 σ
1287 5060 1408 5130 οὐχὶ
1449 5057 1688 5128 ἀνῃρέθη
1726 5058 1830 5110 ὑπὸ
1857 5060 1949 5110 τοῦ

383 5156 549 5218 lia't'iv;
592 5152 730 5205 Ἀλλ’
756 5153 782 5205 6
817 5152 917 5222 μὲν
949 5150 1287 5221 ἀναιρεθεὶς,
1319 5149 1380 5214 ἐξ
1407 5150 1619 5203 ἐκείνου
1656 5150 1820 5219 μέχρι
1853 5149 1949 5201 τοῦ

379 5247 471 5297 νῦν
508 5244 946 5314 άνακηρύττεται
976 5245 1071 5296 καὶ
1103 5244 1488 5312 στεφανοῦται,
1517 5243 1611 5297 καὶ
1643 5244 1672 5296 6
1697 5242 1952 5305 τοσοῦτος

377 5339 567 5406 χρόνος
601 5338 701 5407 τὴν
735 5339 956 5407 μνήμην
987 5337 1087 5389 οὐκ
1124 5337 1429 5406 ὲμάρανεψ
1459 5338 1487 5389 6
1526 5335 1584 5388 δὲ
1624 5335 1830 5389 ἀνελὼν
1858 5339 1953 5395 καὶ

382 5431 818 5499 περιγενόμενος,
864 5431 959 5482 καὶ
1009 5431 1131 5483 τότε
1177 5428 1323 5498 ζωὴν
1354 5428 1591 5482 θανάτου
1644 5427 1952 5498 βαρυτέραν

381 5523 665 5592 ὑπέμεινε,
696 5525 790 5574 καὶ
820 5522 879 5587 ἐξ
912 5522 1120 5576 ἐκείνου
1157 5522 1319 5591 μέχρι
1348 5522 1442 5573 καὶ
1468 5522 1526 5582 ἐς
1571 5520 1732 5591 δεῦρο
1763 5520 1953 5586 στηλι-

378 5614 617 5681 τεύεται,
652 5614 745 5667 καὶ
775 5615 873 5677 τὰς
903 5614 1057 5685 παρὰ
1088 5614 1307 5668 πάντων
1334 5614 1545 5682 δέχεται
1573 5613 1910 5681 κατηγορίας
1932 5626 1948 5642 ·

380 5706 476 5757 καὶ
529 5707 698 5760 ταῦτα
752 5706 852 5775 μὲν
883 5709 939 5759 ὲν
990 5706 1067 5775 τῷ
1115 5707 1347 5776 παρόντι
1382 5706 1518 5775 βίῳο
1550 5707 1619 5756 τὰ
1674 5705 1732 5757 δὲ
1784 5707 1841 5756 ὲν
1872 5704 1951 5773 τῷ

384 5797 631 5865 μ;λλοντι
658 5798 836 5862 αἰῶνι,
876 5802 1027 5859 ποῖος
1059 5798 1238 5865 λόγος,
1271 5799 1401 5850 ποία
1427 5796 1639 5849 διάνοια
1670 5795 1951 5864 παραστῆ-

384 5907 472 5941 σαι
520 5890 847 5959 δυνήσεται;
894 5891 946 5942 τί
1000 5890 1055 5943 δὲ
1097 5888 1312 5957 Ἰακὼϐ,
1357 5887 1458 5943 οὐκ
1508 5886 1741 5958 ἠδικήθη
1798 5886 1950 5958 παρὰ

2058 4984 2228 5037 usque
2273 4986 2423 5025 nunc
2456 4971 2788 5038 gloriﬁcatur
2819 4980 2887 5038 εἰ³
2914 4982 3318 5045 coronamr,_ct
3353 4985 3429 5027 tot
3460 4989 3631 5027 anno~

2060 5075 2178 5111 rum
2217 5059 2387 5114 series
2421 5063 2741 5119 memoriam
2798 5060 2917 5128 ejus
2964 5077 3070 5129 non
3104 5058 3385 5129 abolevit;
3419 5063 3506 5130 qui
3534 5078 3631 5115 au-

2060 5157 2164 5201 tem
2192 5148 2393 5204 occidit
2424 5160 2476 5203 et
2502 5150 2818 5216 supervixit,
2845 5152 3047 5215 abhinc
3080 5146 3241 5205 vitam
3277 5162 3450 5207 n:0rte
3475 5168 3629 5207 ama?

2071 5243 2268 5295 riorem
2319 5243 2492 5307 duxit,
2533 5244 2808 5311 hucusque
2850 5244 3068 5297 inl'amia
3127 5255 3346 5295 notatur
3387 5253 3442 5296 et
3503 5259 3627 5297 om-

2058 5335 2206 5386 nium
2261 5316 2639 5404 reprobatione
2690 5335 2954 5399 allii-itur;
3004 5343 3058 5387 et
3104 5337 3218 5388 inre
3269 5334 3322 5386 in
3373 5337 3626 5403 praesenti

2058 5432 2164 5481 vita
2188 5443 2380 5498 passus
2402 5439 2518 5491 est;
2550 5443 2668 5496 qtae
2696 5440 2879 5499 autem
2914 5430 2963 5480 in
2994 5436 3385 5496 superventuro
3406 5426 3625 5489 saeculo,

2056 5521 2177 5586 quis
2214 5535 2469 5573 sermone
2498 5520 2825 5587 exprimere,
2860 5520 3187 5587 cogitatione
3225 5519 3511 5587 concipere
3534 5534 3631 5586 pos

2056 5609 2216 5661 irrit?
2248 5609 2387 5675 Quid
2436 5610 2582 5678 quod
2614 5619 2670 5664 et
2720 5609 2910 5671 Jac-ob,
2944 5624 3123 5661 nonne
3164 5624 3193 5661 a
3219 5607 3425 5663 Laban
3486 5611 3628 5661 male

2061 5700 2278 5754 habitus
2339 5701 2454 5754 est?
2497 5699 2632 5764 Quis
2687 5715 2818 5768 ergo
2868 5698 3158 5768 potentior,
3193 5700 3311 5753 isne
3347 5700 3436 5766 qui
3479 5715 3627 5764 etnn,

2063 5809 2186 5844 rum
2224 5793 2277 5845 in
2331 5809 2523 5845 manus
2563 5808 2689 5846 suas
2736 5792 3000 5855 venisset,
3042 5800 3265 5859 tangere
3308 5805 3416 5844 non
3460 5804 3630 5861 ausus

2060 5899 2166 5953 est,
2200 5885 2291 5940 sed
2323 5885 2623 5957 pavebatet
2651 5887 2953 5953 ttcmcbat;
2985 5893 3079 5938 aut
3114 5884 3201 5938 ille
3249 5883 3364 5953 qui,
3390 5891 3632 5945 aturato:-
