4048 6478
399 506 505 572 893

1793 511 1887 571 ET
1895 511 1944 570 ΙΙ
1962 512 2127 575 ICON
2174 514 2224 574 ἰΙ

3575 519 3684 584 894

400 622 698 696 τόροωτον,
732 622 825 678 τὸν
859 623 1179 694 Βαπτιστὴν
1209 626 1427 693 ἐννοῶν,
1481 625 1577 680 καὶ
1616 625 1760 696 μετᾶ
1790 627 1985 682 τούτου

2094 632 2312 699 ptistzun
2354 636 2659 703 recogitans
2696 646 2748 691 et
2790 653 2915 693 cum
2963 653 3028 693 eo
3059 651 3151 694 eos
3181 641 3273 708 qui
3306 641 3372 696 ab
3419 640 3513 694 illo
3539 651 3686 697 tem-

398 719 528 779 τοῦς
552 716 613 782 ἐξ
643 716 855 770 ἐκείνου
888 718 1052 787 μέχρι
1080 719 1174 773 καὶ
1198 720 1256 782 ἐς
1286 718 1454 789 δεῦρο
1488 717 1669 781 καλῶς
1714 719 1772 771 ὲν
1800 718 1985 789 ὄρεσιν

397 809 798 879 ἡσυχάζοντας,
832 808 1093 876 ἀφιέντας
1119 809 1219 878 μὶν
1249 810 1430 873 οἰκίας
1454 809 1553 864 καὶ
1588 811 1858 879 γυναῖκας
1889 812 1985 864 καὶ

400 902 742 971 προστασίαν
794 900 1036 965 ἅπασαν,
1089 900 1197 966 ἔξω
1243 900 1302 955 δὲ
1359 902 1588 964 ἑαυτοὺς
1630 902 1726 956 τοῦ
1771 902 1984 972 κόσμου

396 992 716 1057 ποιοῦντας,
773 994 868 1046 καὶ
911 993 1116 1048 σάκκον
1163 991 1646 1064 περιτιθεμένους,
1700 992 1798 1046 καὶ
1846 992 1984 1046 ὑπο·

398 1088 850 1157 στρωννυμένους
901 1087 1123 1153 σποδὸν,
1170 1087 1274 1147 ,καὶ
1325 1085 1483 1141 κλοιὰ
1527 1086 1641 1140 τῶν
1691 1086 1984 1158 τραχήλων

396 1178 768 1251 ἐξαρτῶντας,
806 1181 903 1234 καὶ
932 1177 1359 1241 κατακλείοντας
1390 1178 1622 1242 ἑαυτοὺς
1656 1178 1716 1231 ὲν
1750 1178 1984 1250 οἰκίσκῳ

397 1272 606 1342 μικρῷ,
636 1271 735 1326 xui.
765 1270 889 1326 οὐδὲ
922 1272 1089 1341 μέχρι
1112 1270 1309 1325 τούτου
1336 1272 1692 1340 ἰσταμένους,
1722 1271 1860 1325 ἀλλὰ
1885 1273 1982 1325 καὶ

393 1365 676 1434 νηστείαις
705 1366 799 1417 καὶ
826 1363 971 1433 λιμῷ
1001 1365 1251 1428 διηνεκεῖ
1271 1365 1697 1427 κατατείνοντας
1722 1366 1981 1428 ἑαυτοὺς,

392 1460 489 1512 καὶ
527 1457 765 1530 σκληρὸν
797 1458 968 1521 ὅντως
1003 1457 1100 1511 καὶ
1148 1458 1359 1529 τραχὺν
1395 1457 1831 1528 ἀναδεχομένους
1866 1457 1983 1528 βίον

392 1553 484 1606 διὰ
510 1553 612 1618 τὴν
642 1551 754 1604 τῶν
788 1550 1040 1622 οὐρανῶν
1067 1550 1371 1621 βασιλείαν.
1402 1551 1466 1605 Εἰ
1496 1550 1608 1620 γὰρ
1630 1548 1982 1619 βουλοίμεθα,

393 1642 621 1697 δυνατὸν
650 1644 744 1697 καὶ
776 1642 913 1711 ήμῖν
964 1642 1040 1704 ὡς
1080 1643 1313 1706 ἐκείνοις
1368 1641 1682 1711 ἀποστῆσαι
1731 1642 1832 1711 μὲν
1879 1642 1982 1711 τῆς

389 1736 493 1801 γῆς
532 1734 785 1796 ἑαυτοὺς.
834 1731 1084 1785 ἀνελθεῖν
1117 1730 1176 1785 δὲ
1211 1731 1348 1801 πρὸς
1394 1731 1650 1800 οὐρανὸν,
1692 1730 1755 1784 οὐ
1804 1732 1978 1799 τόπῳ,

387 1827 576 1894 τρόπῳ
610 1824 666 1877 δὲ
714 1826 811 1879 καὶ
849 1825 915 1893 τῇ
956 1824 1306 1893 προαιρέσει.
1342 1824 1406 1877 Εἰ
1438 1824 1547 1894 γὰρ
1602 1823 1803 1893 τέχνας
1835 1821 1982 1876 οὕτω

387 1916 772 1989 κατορθοῦμεν
821 1916 1269 1989 ύπερόαινούσας
1314 1915 1444 1980 τοὺς
1500 1915 1755 1980 πολλοὺς,
1797 1913 1981 1984 πολλῷ

2091 739 2224 794 pore
2252 740 2423 793 usque
2469 729 2644 782 adhuc
2687 729 2916 797 pulchre
2958 730 3012 783 in
3043 731 3401 787 montibusin
3434 722 3687 801 pace'vi-

2091 824 2249 880 vum,
2278 816 2481 871 relictis
2529 817 2806 883 domibus,
2838 821 3103 877 uxoribus
3147 831 3203 877 et
3240 822 3387 878 omni
3427 838 3677 889 munere,

2093 906 2352 973 forasque
2383 924 2441 963 se
2489 910 2690 966 mundo
2725 911 3024 977 mittentes,
3056 922 3110 967 et
3141 928 3305 970 sacco
3332 915 3679 979 circumdati,

2090 1007 2145 1052 et
2169 999 2352 1053 cinere
2380 1002 2665 1069 conspersi
2700 1011 2754 1057 et
2784 1003 2887 1059 sibi
2914 1005 3147 1060 cellaria
3176 1005 3319 1061 collo
3365 1006 3684 1063 devincien-

2096 1098 2200 1155 tes,
2234 1100 2289 1144 et
2323 1092 2664 1148 inciudentes
2696 1109 2756 1148 se
2791 1096 2843 1148 in
2890 1096 3216 1151 domuncula
3265 1112 3455 1167 parva,
3489 1106 3542 1152 et
3570 1114 3681 1153 nou

2091 1182 2377 1251 hucusque
2430 1184 2711 1248 sistentes,
2740 1186 2834 1241 sed
2877 1198 2929 1242 et
2953 1187 3180 1255 ieiuniis
3212 1199 3264 1242 ct
3309 1188 3454 1244 fame
3503 1192 3683 1244 couti-

2089 1288 2198 1326 nua
2234 1284 2559 1343 torquentes
2609 1276 2822 1346 seipsos
2840 1288 2894 1331 et
2939 1279 3129 1334 duram
3157 1280 3314 1350 plane
3338 1291 3500 1350 atque
3526 1297 3684 1351 aspe-

2091 1378 2205 1416 ram
2239 1367 2483 1435 aggressi
2537 1369 2703 1423 vitam
2752 1378 2974 1439 propter
3009 1371 3274 1426 caelorum
3337 1390 3585 1443 regnum.
3624 1373 3681 1429 Si

2089 1456 2235 1510 enim
2269 1458 2525 1523 velimus,
2555 1462 2812 1533 possibile
2840 1474 2923 1517 est
2957 1466 3136 1527 nobis,
3163 1477 3215 1518 ut
3252 1467 3394 1528 i5tis.
3425 1469 3684 1522 extollere

2086 1554 2463 1619 nosmetipsos
2520 1570 2548 1608 a
2601 1564 2746 1609 terra
2782 1565 2837 1609 et
2876 1557 3176 1614 ascendere
3230 1561 3298 1614 ad
3343 1560 3537 1616 (mlum
3576 1576 3683 1615 non

2089 1639 2208 1694 loco
2246 1642 2426 1709 modo,
2462 1643 2557 1698 sed
2598 1652 2651 1699 et
2678 1644 2916 1702 delectu.
2941 1646 2995 1701 Si
3024 1649 3167 1702 enim
3194 1650 3507 1718 perﬁcimus
3535 1663 3681 1707 artes

2087 1749 2207 1804 qua:
2231 1736 2523 1806 plerosque
2574 1747 2858 1807 superant,
2897 1741 3072 1795 multo
3132 1743 3304 1811 magis
3361 1745 3504 1813 quod
3572 1760 3681 1799 non

2087 1828 2222 1885 tanti
2247 1828 2454 1900 indiget
2481 1830 2706 1911 laboris.
2736 1830 2879 1899 Quid
2903 1835 3072 1900 enim,
3103 1835 3189 1890 dic
3218 1836 3372 1899 mihi,
3411 1836 3684 1891 diiiicilius

2086 1933 2250 1987 quam
2288 1934 2383 1989 per
2410 1918 2592 1976 funem
2628 1921 2864 1993 desuper
2890 1926 3376 1995 cxtensum,quasi
3410 1942 3576 1997 super
3594 1942 3684 1981 so-

393 2011 595 2081 μᾶλλον
625 2010 654 2064 δ
704 2010 781 2080 μὴ
812 2011 1075 2064 τοσούτου
1121 2008 1297 2062 δεῖται
1334 2008 1526 2061 πόνου.
1581 2008 1650 2060 Τί
1695 2007 1824 2078 γὰρ,
1859 2005 1981 2060 εἰπέ

2090 2011 2231 2076 lum,
2258 2011 2545 2068 ambulare
2573 2023 2627 2068 et
2655 2031 2822 2086 super
2850 2032 2973 2072 cum
3005 2018 3361 2073 deambulans
3389 2034 3485 2073 sus
3507 2020 3683 2090 deque

396 2120 512 2170 μοι,
550 2101 941 2173 χαλεπώτερον
986 2100 1079 2154 τοῦ
1110 2100 1201 2155 διὰ
1248 2100 1465 2172 σχοίνου
1502 2101 1812 2170 τεταμένης
1848 2099 1984 2166 ἄνω,

392 2196 651 2264 καθάπερ
682 2196 774 2250 ἐπὶ
807 2195 1082 2257 ἰσοπέδου,
1114 2193 1376 2265 βαδίζειν,
1404 2194 1500 2249 καὶ
1522 2195 1635 2251 ἄνω
1658 2193 1861 2263 ταύτης
1887 2210 1985 2246 πε-

398 2288 739 2360 ριπατοῦντα
761 2286 1097 2344 ὑποδύεσθαι
1118 2288 1215 2341 καὶ
1232 2287 1586 2353 ἀποδύεσθαι,
1612 2286 1868 2357 καθάπερ
1890 2285 1985 2340 ἐπὶ

389 2386 579 2455 κλίνης
603 2383 955 2455 καθήμενονς
989 2382 1056 2436 Τί
1080 2381 1162 2447 δὲ,
1184 2381 1308 2435 εἰπί
1337 2398 1449 2448 μοι,
1474 2379 1866 2451 χαλεπώτερον
1885 2378 1983 2432 τοῦ

394 2479 588 2532 κόντον
611 2480 706 2532 ἐπὶ
734 2476 830 2530 τοῦ
863 2478 1123 2544 μετώπου
1152 2474 1363 2532 λαϐεῖν.
1397 2470 1519 2527 εἶτα
1559 2474 1819 2527 ἐπιθέντα
1873 2473 1989 2527 άνω

396 2570 614 2624 παιδίον
668 2572 840 2640 μυρία
900 2572 1099 2632 ποιεῖν,
1143 2570 1237 2622 καὶ
1273 2570 1499 2636 τέρπειν
1552 2572 1679 2631 τοὺς
1735 2569 1976 2635 θεατάς;

395 2664 536 2733 Οὐχὶ
569 2664 715 2718 οὕτω
747 2664 977 2733 φρικτὸν
1002 2664 1139 2732 ἡμῖν
1168 2657 1308 2715 εἶναι
1339 2664 1490 2716 δοκεῖ
1516 2661 1578 2716 τὸ
1611 2662 1870 2733 πρᾶγμα,
1899 2662 1977 2725 ὡς

2092 2099 2223 2157 ferri
2248 2112 2504 2173 tauquam
2537 2106 2588 2160 in
2614 2104 2755 2163 lecto
2782 2109 3312 2177 sedens?Quid,dic
3345 2112 3500 2178 mihi,
3545 2112 3684 2167 dim-

2094 2195 2272 2259 cilius,
2303 2212 2464 2265 quam
2512 2198 2751 2269 jaculum
2793 2203 2845 2257 in
2884 2201 3066 2258 fronte
3099 2212 3312 2268 tenere,
3350 2214 3404 2258 ct
3445 2221 3677 2275 puerum

2103 2289 2583 2358 superimpositum
2620 2293 2673 2347 iu
2706 2308 2935 2350 numero
2964 2310 3145 2367 agere,
3169 2307 3224 2351 et
3261 2296 3533 2351 delectare
3563 2313 3686 2367 spe-

2096 2383 2342 2439 ctantes?
2400 2383 2587 2439 Nonne
2639 2385 2713 2439 ita
2785 2385 3006 2441 horrida
3069 2401 3157 2442 res
3196 2401 3321 2442 esse
3357 2387 3577 2442 videtur
3621 2398 3684 2444 ut

2091 2481 2333 2535 nolimus
2374 2481 2595 2551 quidem
2623 2479 2833 2544 videre,
2872 2480 2968 2533 sed
3017 2479 3306 2535 timeamus
3342 2489 3397 2534 et
3446 2480 3684 2548 tropi-le-

2103 2589 2230 2628 mus
2261 2574 2362 2628 hoc
2403 2573 2521 2641 ipso
2552 2570 2817 2638 aspectu?
2850 2569 2949 2626 His
2987 2570 3154 2641 igitur
3178 2573 3432 2630 omnibus
3470 2572 3685 2629 facilior

2103 2668 2301 2733 virtus,
2326 2666 2370 2719 si
2399 2664 2663 2728 veliu'us,
2691 2674 2745 2720 et
2784 2664 2848 2719 ad
2881 2666 3080 2720 coelum
3112 2679 3397 2721 ascensus.

397 2755 534 2825 μηδὲ
570 2755 746 2811 θέλειν
773 2757 1098 2824 θεάσασθαι,
1130 2759 1269 2814 ἀλλὰ
1296 2759 1595 2815 δεδοικέναι
1627 2762 1720 2816 καὶ
1749 2761 1980 2831 τρέμειν
2018 2762 2114 2816 καὶ
2152 2762 2290 2832 πρὸς
2326 2763 2427 2835 τὴν
2459 2763 2582 2833 ὄψιν
2624 2763 2799 2835 αύτήν
2828 2779 2846 2831 ;
2911 2762 3136 2816 Τούτων
3170 2761 3354 2818 τοίνυν
3419 2763 3683 2835 ἀπάντων

395 2849 740 2920 εὖκολωτέρα
770 2851 805 2920 ἡ
834 2850 1033 2921 ἀρετὴ,
1070 2851 1166 2906 ἐὰν
1194 2851 1461 2920 θέλωμεν,
1491 2852 1585 2907 καὶ
1613 2853 1673 2908 τὸ
1697 2852 1836 2924 πρὸς
1870 2853 2039 2908 αύτδν
2072 2854 2346 2926 ἀναϐῆναι
2371 2856 2465 2911 τὸν
2494 2856 2749 2926 οὐρανόν.

466 2943 541 3015 γ’.
572 2945 684 3000 Καὶ
732 2945 808 3015 μή
860 2962 953 3015 μοι
983 2946 1191 3015 λεγέτω
1230 2966 1336 3013 τις,
1363 2947 1542 3013 Θέλω,
1575 2946 1695 3001 ἀλλ’
1725 2948 1787 3002 ού
1819 2948 1986 3003 δύνα-

398 3055 521 3109 μαι.
554 3039 616 3093 Εἰ
656 3038 766 3109 γάρ
813 3039 1145 3108 πράγματός
1181 3057 1328 3103 τινος
1377 3042 1528 3104 ἐντὸς
1567 3040 1822 3109 γενέσθαι
1857 3040 1986 3111 βου-

397 3133 638 3202 λόμενοι,
674 3132 799 3203 οὐχὶ
846 3130 926 3203 τῷ
964 3132 1197 3202 θελῆσαι
1241 3133 1409 3203 μόνον
1438 3134 1786 3204 ἀρκούμεθα,
1845 3134 1985 3189 άλλά

398 3227 494 3281 καὶ
519 3227 615 3280 τοῦ
643 3230 975 3296 πράγματος
998 3226 1308 3296 ἁπτόμεθα⁶
1344 3227 1528 3299 π.λλῷ
1552 3228 1755 3299 μᾶλλον
1785 3230 1865 3293 εἰς
1895 3229 1987 3283 τδν

2162 2953 2217 3007 5.
2250 2953 2319 3008 Et
2341 2966 2407 3008 ne
2427 2951 2558 3007 mihi
2589 2951 2711 3020 quis
2738 2950 2882 3007 dicat
2912 2968 2924 3005 :
2958 2949 3113 3016 Volo,
3143 2949 3239 3004 sed
3262 2964 3497 3017 nequeo.
3534 2948 3671 3006 Cum

2091 3045 2237 3102 enim
2267 3045 2520 3100 volumus
2557 3059 2672 3099 rem
2706 3044 2945 3113 aliquam
2988 3053 3299 3110 penetrare.
3332 3058 3437 3097 non
3478 3042 3680 3096 volun-

2093 3144 2201 3192 tate
2227 3135 2340 3192 sola
2379 3135 2621 3189 contenti
2674 3148 2886 3193 sumus.
2913 3133 3008 3188 sed
3059 3143 3111 3190 et
3144 3148 3257 3189 rem
3283 3133 3630 3205 aggredimur
3659 3150 3676 3201 ;

2091 3228 2262 3283 multo
2310 3226 2483 3294 magis
2539 3241 2665 3282 cum
2715 3226 2766 3280 in
2822 3226 3022 3281 coelum
3067 3225 3370 3282 ascendere
3421 3222 3702 3281 volumus'

394 3318 627 3388 οὐρανὸν
674 3318 925 3372 ἀνελθεῖν
978 3318 1323 3389 βουλόμενοι,
1354 3321 1456 3390 τῆς
1496 3322 1819 3392 πρακτικῆς
1856 3324 1985 3392 ἀρε-

2093 3320 2298 3374 virtute
2333 3333 2454 3387 quae
2487 3325 2746 3384 operatur
2785 3315 3111 3387 indigemus.
3155 3314 3266 3370 Nec
3295 3330 3485 3369 rursus
3513 3315 3679 3369 alium

393 3413 500 3483 τῆς
540 3412 878 3482 δεησόμεθα.
919 3413 1075 3483 Μηδὲ
1113 3413 1276 3468 πάλιν
1323 3413 1512 3482 ἕτερόν
1556 3432 1678 3469 τινα
1716 3416 1985 3470 αἰτιάσθω

2091 3427 2419 3483 quemquam
2469 3418 2691 3466 accuset
2734 3409 2926 3479 aliquis
2954 3451 2969 3474 ,
3001 3408 3155 3479 quasi
3210 3423 3271 3463 se
3321 3407 3582 3475 impediat
3624 3407 3680 3463 ia

396 3523 506 3569 τις,
540 3504 617 3569 ὡς
654 3504 793 3576 πρὸς
838 3506 968 3568 τοὺς
1002 3506 1103 3575 τῆς
1145 3506 1348 3577 ἀρετῆς
1376 3507 1576 3571 πόνους
1606 3506 1769 3561 αὐτὸν
1815 3509 1988 3576 ἐμπο-

394 3597 637 3666 δίζοντα,
688 3598 830 3654 ἀλλὰ
877 3599 944 3669 τῇ
1000 3596 1181 3669 οἰκείᾳ
1218 3597 1465 3669 ῥᾳθυμίᾳ
1496 3598 1558 3652 τὸ
1604 3600 1715 3653 πᾶν
1747 3601 1986 3667 ἐπιγρα-

396 3690 568 3758 φέτω.
594 3689 707 3744 Καὶ
733 3687 788 3741 τί
816 3687 963 3757 λέγω
987 3686 1178 3758 ἓτερον
1202 3702 1217 3750 ς
1253 3686 1391 3756 μηδὲ
1420 3686 1586 3740 αὑτὸν
1610 3686 1703 3738 τδν
1735 3684 1985 3740 διάϐολον

396 3781 670 3851 νομιζέτω
698 3799 782 3845 τις
804 3782 994 3836 ἰκανὸν
1018 3776 1163 3834 εἰναι
1188 3779 1443 3834 κωλῦσαι
1470 3778 1570 3848 τήν
1604 3779 1697 3831 ἐπὶ
1725 3778 1828 3848 τὴν
1854 3778 1985 3845 άρε-

398 3879 500 3941 τὴν
534 3875 810 3944 φέρουσαν
859 3874 977 3927 ὁδον
1016 3871 1282 3927 δύνασθαι
1307 3888 1321 3903 ·
1362 3871 1480 3925 ἀλλ’
1519 3871 1710 3941 ἀπατᾷ
1743 3871 1842 3937 μὲν
1887 3869 1984 3922 καὶ

400 3966 752 4031 ὑποσκελίζει
780 3965 910 4028 τοὺς
944 3965 1379 4037 ρᾳθυμοτέρους,
1414 3964 1474 4017 ού
1512 3962 1619 4031 μὴν
1651 3961 1853 4015 κωλύει
1886 3961 1985 4015 καὶ

401 4059 675 4128 βιάζεται.
726 4058 838 4113 Καὶ
868 4057 1030 4110 τοῦτο
1058 4057 1199 4127 αὐτὴ
1231 4056 1340 4109 τῶν
1372 4053 1718 4125 πραγμάτων
1751 4055 1784 4123 ή
1815 4054 1983 4121 πεῖρα

394 4151 674 4205 δείκνυσιν
697 4166 713 4183 ο
745 4150 831 4203 ὃτι
865 4149 1033 4220 ήνίκα
1069 4149 1169 4219 μὲν
1198 4149 1263 4203 ἂν
1295 4146 1618 4219 βουλώμεθα
1648 4148 1865 4217 νήφειν,
1890 4163 1982 4199 το-

401 4242 594 4297 σοῦτον
622 4243 716 4296 τδν
771 4242 936 4295 πόνον
964 4240 1420 4308 ἐπιδεικνύμεθα,
1457 4241 1534 4305 ὡς
1587 4241 1724 4312 μηδὲ
1769 4239 1984 4295 πολλῶν

399 4340 575 4393 ὄντων
596 4336 710 4392 τῶν
738 4335 1163 4407 προτρεπόντων
1202 4335 1299 4389 ἐπὶ
1332 4333 1432 4405 τὴν
1468 4335 1569 4404 τῆς
1629 4333 1833 4395 κακίας
1864 4333 1984 4387 όδδν

402 4430 700 4502 ἀνέχεσθαι
727 4429 827 4499 τῆς
860 4426 1199 4497 συμϐουλῆς,
1249 4426 1390 4480 ἀλλὰ
1418 4425 1621 4489 παντὸς
1669 4424 1983 4494 ἀδάμαντος

402 4522 798 4596 στερῤοτέρους
830 4521 981 4591 ήμᾶς
1014 4519 1289 4587 γίνεσθαι,
1330 4519 1427 4572 καλ⁵
1462 4517 1839 4588 ἀποφράττειν
1868 4518 1984 4579 τοῖς

398 4619 470 4670 τὰ
499 4615 682 4684 φαῦλα
704 4611 1145 4684 συμϐουλεύουσι
1175 4609 1273 4674 τὰς
1321 4610 1493 4675 ἀκοάς
1520 4628 1535 4644 ·
1567 4610 1699 4663 ὅταν
1729 4609 1786 4662 δὲ
1818 4608 1986 4682 ῥᾳθυ-

2088 3506 2308 3562 virtutis
2364 3505 2572 3572 labore,
2631 3502 2726 3559 sed
2766 3502 3002 3572 propriae
3056 3501 3278 3557 desidiae
3326 3503 3584 3570 imputet.
3612 3499 3681 3556 Et

2089 3599 2221 3669 quid
2259 3598 2381 3655 dico
2407 3597 2572 3652 alium
2596 3597 2621 3650 ’ἰ
2644 3595 2720 3651 Nc
2752 3595 3029 3651 diabolum
3080 3593 3300 3664 quidem
3332 3595 3511 3665 ipsum
3558 3609 3680 3650 crc-

2087 3693 2185 3748 dat
2212 3690 2411 3760 aliquis
2455 3689 2616 3746 talem
2670 3702 2794 3744 esse
2825 3696 2885 3742 ut
2918 3688 3185 3750 impedire
3229 3687 3375 3741 viam
3413 3686 3479 3740 ad
3516 3687 3679 3741 virtu-

2092 3790 2195 3839 tem
2238 3783 2526 3855 ducentem
2588 3779 2785 3834 valeat.
2847 3778 2955 3834 Sed
3013 3779 3216 3847 decipit
3258 3788 3314 3835 et
3369 3780 3679 3849 supplantat

2088 3873 2371 3938 vecordes,
2407 3888 2516 3927 non
2565 3872 2792 3939 impedit
2839 3884 2940 3925 nec
2994 3868 3279 3925 violentat.
3318 3870 3388 3925 Et
3418 3870 3522 3925 hoc
3562 3870 3677 3936 ipsa

2088 3981 2268 4022 rerum
2302 3965 2633 4035 experientia
2668 3963 2930 4029 ostendit,
2975 3963 3119 4033 quod
3156 3964 3373 4032 quaudo
3422 3963 3677 4019 volumus

2086 4059 2382 4129 prudentes
2418 4072 2558 4119 esse,
2593 4065 2798 4112 tantmn
2847 4055 3090 4110 laborem
3112 4055 3456 4121 exhibemus,
3481 4063 3539 4108 ut
3573 4056 3676 4111 etsi

2086 4149 2255 4204 multa
2289 4148 2401 4203 sint
2424 4164 2545 4217 qua:
2573 4163 2670 4203 nos
2700 4155 3024 4203 convertant
3055 4148 3122 4202 ad
3149 4146 3369 4202 malitia:
3394 4146 3537 4201 viam
3570 4163 3675 4201 non

2086 4241 2155 4297 de
2180 4240 2460 4310 proposito
2492 4241 2826 4295 dcsistamus
2849 4279 2865 4305 ,
2893 4240 2990 4295 sed
3022 4239 3312 4295 adamante
3341 4239 3536 4307 quovis
3572 4241 3674 4294 du-

2088 4335 2263 4390 riores
2286 4334 2436 4399 facti,
2462 4342 2517 4389 et
2553 4334 2871 4388 obturemus
2897 4347 3061 4388 aures
3090 4333 3158 4386 ab
3185 4332 3270 4387 his
3298 4332 3391 4402 qui
3420 4347 3675 4402 perversa

2087 4430 2360 4495 suadent;
2390 4442 2514 4483 cum
2567 4436 2751 4481 autem
2811 4426 3149 4497 negligentes
3203 4441 3417 4491 sumus,
3458 4427 3675 4482 nemine

2088 4525 2369 4589 suadente,
2393 4521 2896 4591 autsupplantante
2925 4535 3052 4586 nos,
3104 4519 3436 4576 intrinsecus
3490 4520 3675 4591 agitati

2088 4616 2143 4672 in
2180 4614 2581 4686 improbitatem
2619 4612 2871 4669 ferimur.
2907 4611 3108 4682 Reipsa
3157 4613 3302 4666 enim
3362 4613 3408 4667 si
3443 4611 3674 4666 velimus

408 4710 626 4782 μῶμεν,
667 4706 766 4761 καὶ
805 4704 1034 4777 μηδενὸς
1079 4703 1232 4764 ὄντος
1278 4719 1372 4755 του
1425 4699 1914 4772 συμϐουλεύοντος,
1950 4699 1982 4771 ῆ

2093 4722 2215 4764 esse
2268 4705 2572 4775 sapientes.
2611 4704 2713 4761 etsi
2753 4704 3009 4773 permulti
3061 4704 3173 4759 sint
3221 4702 3287 4758 ad
3320 4703 3520 4759 malum
3577 4720 3675 4760 nos

404 4797 883 4862 ὑποσκελίζοντος,
915 4791 1131 4847 οἴκοθεν
1168 4790 1483 4860 κινούμενοι
1511 4792 1605 4845 ἐπὶ
1647 4792 1751 4861 τὴν
1782 4790 1986 4845 κακίαν

401 4895 692 4963 ὁρμῶμεν.
722 4893 818 4962 Τῷ
866 4891 985 4945 ὄντι
1013 4890 1125 4959 γὰρ
1156 4888 1251 4945 καὶ
1290 4888 1386 4941 εὰν
1418 4885 1740 4956 βουλώμεθα
1767 4887 1984 4956 νήφειν,

402 4990 513 5045 κᾶν
536 4987 728 5059 μυρίοι
749 4979 887 5041 ὦσιν
908 4984 959 5038 οἰ
991 4982 1130 5053 πρὸς
1160 4981 1260 5052 τήν
1292 4983 1493 5035 κακίαν
1520 4979 1796 5043 ἕλκοντες,
1833 4978 1988 5033 οὐδὲν

403 5081 563 5151 ἡμῶν
610 5080 712 5150 τὴν
761 5076 1001 5144 σπουδὴν
1027 5077 1252 5130 δύναται
1312 5071 1702 5142 λυμήνασθαι⁸
1750 5074 1844 5125 καὶ
1888 5070 1986 5125 ἐὰν

403 5174 489 5238 είς
521 5170 800 5243 ρᾳθυμίαν
832 5167 1222 5237 ἀποκλίνωμεν
1255 5163 1447 5226 πάλιν,
1477 5162 1572 5216 καί⁵
1605 5161 1711 5215 ὑπὸ
1744 5162 1854 5215 τῶν
1894 5177 1989 5214 τυ-

401 5264 611 5333 χόντων
643 5258 1004 5330 βλαπτόμεθα
1031 5274 1045 5290 ·
1091 5256 1328 5326 επείπερ
1377 5254 1555 5318 οὐδεὶς
1600 5252 1762 5323 φύσει
1796 5252 1981 5320 καλὸς,

404 5357 438 5422 ἢ
471 5355 663 5421 κακὸς,
691 5352 810 5408 ἀλλ’
837 5353 897 5405 ἐν
920 5353 987 5423 τῇ
1028 5348 1356 5420 προαιρέσει
1392 5350 1573 5401 κεῖται
1625 5347 1785 5417 ήμῶν
1813 5346 1988 5400 ὄντων

404 5445 773 5512 αύτεξουσίων
834 5443 897 5498 τὸ
927 5442 1203 5513 πονηροὺς
1248 5443 1347 5511 μὲν
1387 5439 1664 5508 ὑπάρχειν
1711 5441 1778 5511 τῇ
1810 5438 1989 5509 οἰκείᾳ

404 5539 652 5612 ῥαθυμίᾳ
685 5537 1092 5608 κεχρημένους,
1131 5536 1230 5589 καὶ
1254 5532 1355 5603 τὴν
1384 5531 1599 5585 ἑαυτῶν
1630 5532 1986 5602 προδιδόντας

405 5631 705 5702 σωτηρίαν,
749 5633 848 5683 καὶ
895 5629 996 5698 τῆς
1029 5626 1215 5680 θεόθεν
1274 5624 1492 5687 εύνοίας
1539 5622 1768 5686 ἑαυτοὺς
1830 5621 1988 5676 καθιε-

406 5725 652 5786 στῶντας
720 5722 1004 5793 ἐρήμους·
1063 5717 1309 5786 ἀγαθοὺς
1368 5715 1428 5769 δὲ
1487 5708 1629 5768 εἶναι
1682 5718 1751 5786 τῇ
1807 5714 1989 5786 οἰκείᾳ

406 5818 640 5888 σπουδῇ,
664 5817 733 5870 τὰ
765 5816 869 5884 τῆς
906 5813 1114 5885 ἀρετῆς
1143 5810 1284 5882 ἔργα
1321 5806 1621 5878 κατορθοῦν
1650 5806 1987 5877 δυναμένους

408 5913 554 5983 μετᾶ
579 5911 681 5981 τῆς
729 5907 940 5974 ᾇνωθεν
973 5907 1222 5978 χάριτος.
1258 5904 1428 5959 Ὅθεν
1466 5905 1563 5959 καὶ
1608 5892 1729 5955 λίαν
1785 5901 1986 5955 ἄτοπον

409 6006 608 6076 τέχνην
642 6000 741 6073 μὲν
774 6000 918 6071 ἔχειν
947 5997 1040 6053 τὸν
1086 5998 1392 6068 ἄνθρωπον,
1436 5998 1502 6055 τά
1530 5995 1702 6071 ᾄλογα
1749 5991 1892 6049 κατὰ
1922 5991 2001 6080 τὸ-
2030 6076 2046 6080 _

2092 4800 2396 4866 trahentes,
2424 4798 2561 4853 nihil
2593 4806 2839 4853 nostrum
2865 4796 3105 4852 studium
3137 4804 3313 4866 potest
3344 4796 3672 4852 adulterare.

2090 4888 2208 4944 Etsi
2248 4890 2315 4945 ad
2343 4889 2724 4958 negligentiam
2771 4889 3112 4944 tlccliuemus
3135 4888 3341 4954 denuo,
3410 4904 3440 4944 a
3480 4889 3676 4959 quovis

2093 4985 2462 5055 percutimur.
2494 4981 2683 5052 Itaque
2713 4995 2876 5036 nemo
2902 4989 3098 5034 natura
3136 4989 3221 5035 est
3254 4980 3426 5036 bonus
3451 4981 3531 5034 vel
3557 4997 3676 5034 ma-

2090 5070 2198 5137 lus,
2236 5072 2331 5125 sed
2360 5069 2412 5124 iu
2445 5069 2712 5125 electione
2744 5079 2926 5126 nostra
2954 5081 3073 5139 est;
3106 5085 3229 5125 uam
3270 5069 3371 5139 ipsi
3411 5070 3674 5127 habemus

2089 5173 2413 5232 potestatem
2443 5155 2616 5217 malos
2660 5168 2809 5230 esse,
2838 5174 3028 5219 nostra
3069 5163 3288 5233 propria
3321 5169 3536 5218 utentes
3572 5179 3673 5218 ηερ

2089 5256 2370 5328 gligentia,
2409 5265 2464 5310 et
2522 5263 2721 5311 nostra:
2756 5256 3063 5325 proditores
3113 5253 3331 5319 salutis,
3368 5262 3422 5307 et
3478 5254 3673 5311 divinae

2089 5347 2484 5404 benevolentia:
2522 5360 2623 5402 nos
2663 5346 2956 5403 reddentes
2990 5361 3220 5412 vacuos;
3269 5348 3440 5401 bonos
3489 5357 3670 5402 autem

2089 5454 2211 5494 esse
2255 5438 2476 5508 preprio
2526 5438 2709 5492 studio
2763 5439 2888 5508 quia
2946 5437 3163 5491 virtutis
3197 5453 3361 5508 opera
3410 5414 3672 5508 perlicere

2092 5548 2379 5604 possumus
2411 5546 2541 5585 cum
2577 5545 2810 5602 superna
2843 5529 3037 5600 gratia.
3064 5528 3219 5586 Unde
3250 5530 3409 5585 valde
3445 5530 3669 5584 stultam

2091 5634 2263 5680 artem
2326 5622 2506 5679 habet
2550 5623 2712 5677 homo
2756 5641 2770 5676 :
2830 5621 3229 5677 irrationabilia
3289 5622 3553 5678 ﬂectendo
3602 5622 3670 5677 ad

2091 5721 2384 5774 humanam
2427 5716 2788 5782 nobilitatem,
2826 5726 3037 5770 mutare
3082 5718 3339 5783 psittacos
3387 5731 3439 5772 et
3493 5718 3665 5786 picas,

2091 5814 2291 5866 docens
2327 5824 2518 5864 vocem
2552 5810 2843 5863 humanam
2872 5808 3179 5877 exprimere
3207 5816 3263 5864 et
3301 5817 3421 5864 arte
3459 5821 3668 5864 natura:

2089 5903 2197 5958 vim
2250 5900 2478 5967 faciens,
2511 5901 2723 5956 cicures
2770 5902 2999 5956 reddens
3043 5901 3227 5958 leones
3262 5913 3315 5956 ct
3353 5918 3449 5973 per
3485 5903 3662 5956 forum

2090 5993 2317 6067 duccus,
2369 5993 2542 6061 ipsum
2598 5997 2781 6046 autem
2818 5990 3054 6062 scipsuut
3109 5976 3663 6061 lupis'agrestiurcm
