4048 6460
423 278 529 343 899

1534 258 1933 320 TIIEODORI
1981 253 2538 323 ME‘..|TENIOT:E

3576 259 3684 320 90‘)

423 385 527 456 ipsi
557 384 748 438 borum
793 377 1232 450 prmscriptorum
1277 371 1488 428 solvere
1531 387 1546 435 ;
1584 370 1821 423 animam
1886 383 2010 421 vero

2142 366 2337 436 τέχνης,
2396 366 2500 420 κᾶν
2555 365 2784 419 εἴπωσιν
2825 359 2971 422 οὗτοι
3022 367 3294 440 φάρμακα
3343 384 3687 423 κατασκευα-

426 477 566 530 male
605 472 922 542 dispositam
953 469 1177 522 omnino
1219 462 1492 534 neg'igere
1525 469 1578 514 et
1614 474 1711 513 nec
1741 457 2010 512 medicum

425 568 719 624 adducere.
769 577 870 616 nec
918 562 1058 615 bona
1095 556 1478 626 expendere..;
1510 560 1565 605 et
1591 551 1828 603 studium
1859 547 2037 600 aliud-

424 661 646 720 afi‘erre.
682 671 784 710 nec
823 653 1004 707 verbis
1030 648 1310 703 attendere
1337 643 1534 714 quibus
1563 642 1933 695 liberaremur
1984 653 2012 688 a

426 751 638 812 morbo,
702 748 794 800 sed
857 743 1081 812 perinde
1121 756 1185 795 ac
1244 739 1287 792 si
1347 735 1514 797 servi,
1574 744 1636 785 et
1691 730 1895 784 inimici
1952 736 2008 782 et

428 841 608 897 bostis
641 847 804 902 esset,
837 837 909 888 ita
933 849 1055 887 eum
1105 830 1390 899 despicere
1432 836 1488 882 et
1539 823 1740 877 nullam
1803 819 2008 872 habere

425 949 640 987 curam.
677 930 745 984 L‘t
783 928 924 980 enim
958 933 1084 978 sunt
1117 922 1312 976 medici
1345 930 1655 986 corporum,
1705 914 1774 965 ita
1805 921 1855 964 et
1888 909 2008 965 ani-

434 1040 667 1080 marum.
692 1022 754 1076 Et
784 1021 930 1074 sicut
959 1015 1073 1070 illis
1100 1014 1382 1068 obcd'unns
1408 1009 1549 1063 male
1597 1006 1860 1074 disposito
1886 1018 2010 1056 cor-

426 1133 573 1188 pore,
614 1118 684 1169 ita
714 1120 930 1181 Oportet
957 1104 1454 1164 omnimodeetbos
1485 1101 1696 1164 audire,
1725 1107 2011 1168 agrot.:nte

425 1213 604 1264 anima
636 1217 857 1268 nostra;
891 1217 998 1256 non
1027 1201 1173 1254 enim
1195 1196 1310 1251 fieri
1343 1202 1523 1265 potest
1549 1193 1708 1246 aliter
1731 1200 1786 1243 ut
1807 1191 2008 1242 animze

426 1299 820 1366 cupiditatibus
854 1306 1133 1346 eruantur.

2114 458 2312 526 σθῆναι
2368 458 2574 527 πολλῆς
2635 460 2829 528 τιμῆς,
2881 459 3084 523 εὐθέως
3139 458 3328 525 εἴκειν,
3359 461 3463 514 κάν
3509 461 3688 514 ὁτιοῦν

2120 549 2442 612 ὲπιτάξωσι,
2485 549 2771 602 πείθεσθαι
2801 552 3173 620 παραχρῆμα,
3205 553 3302 604 καὶ
3339 552 3569 622 μισθοὺς
3595 555 3689 606 αύ-

2121 643 2236 702 τοῖς
2268 641 2377 692 τῶν
2405 643 2844 712 προσταγμάτων
2883 644 3106 702 τούτων,
3128 643 3303 696 τελεῖν
3329 661 3344 676 ο
3373 645 3468 714 τῆς
3501 646 3554 698 δὲ
3588 645 3691 714 ψυ-

2121 733 2222 803 χῆς
2272 733 2460 796 κακῶς
2508 734 2866 805 διακειμένης
2921 736 3272 789 παντάπασιν
3323 737 3566 805 ἀμελεῖν,
3599 737 3694 790 καὶ

2121 831 2261 895 μήτε
2313 827 2498 893 ἰατρὸν
2531 827 2796 895 εἰσάγειν,
2858 829 2996 898 μήτε
3045 831 3304 898 χρήματα
3354 829 3693 893 ἀναλίσκειν,

2119 890 2259 988 μήτε
2292 890 2532 988 σπουδὴν
2561 890 2731 988 ἀλλτιν
2764 890 3093 989 elatas-95w,"
3286 922 3463 987 λόγοις
3495 890 3696 990 προσέε-

2118 1023 2236 1075 χειν
2265 1006 2332 1058 δι’
2364 1001 2440 1060 ὧν
2471 1007 2536 1059 ἂν
2567 1007 2974 1077 ἀπαλλαγῶμεν
3006 1009 3106 1078 τῆς
3141 1011 3323 1073 νόσου,
3365 1009 3480 1062 ἀλλ’
3509 1009 3696 1080 ὥσπερ

2119 1097 2318 1165 δημίου
2358 1099 2504 1160 τινὸς
2559 1100 2652 1150 καὶ
2715 1099 2913 1170 ἐχθροῦ
2957 1101 3050 1152 καί
3104 1101 3366 1168 πολεμίου
3419 1101 3695 1168 κειμένου,

2119 1190 2264 1242 οὓτω
2297 1191 2499 1258 ταύτης
2539 1193 2931 1261 καταφρονεῖν,
2967 1195 3058 1244 καί
3107 1193 3380 1262 μηδεμίαν
3425 1191 3696 1245 ποιεῖσθαι

2123 1283 2468 1350 ἐπιμέλειαν.
2525 1285 2738 1354 Ὠσπερ
2795 1285 2905 1352 γάρ
2960 1288 3100 1338 εἰσιν
3163 1286 3340 1356 ἰατροὶ
3395 1287 3696 1362 σωμάτων.

425 1394 568 1448 οὕτω
599 1393 664 1459 δὴ
702 1391 794 1442 καὶ⁵
839 1387 1062 1457 ψυχῶν·
1104 1383 1200 1436 καὶ
1243 1383 1498 1448 καθαπερ
1554 1380 1784 1438 ἐκεινοις
1820 1374 2146 1442 πειθνζμεθα,
2173 1378 2429 1446 πονήρως
2457 1377 2550 1430 τοῦ
2584 1377 2839 1447 σώματος
2898 1377 3138 1446 ἔχοντος,
3198 1377 3341 1431 οὕτω
3402 1379 3507 1449 χρὴ
3570 1379 3701 1432 τεάν-

427 1504 533 1549 τως
563 1481 888 1536 καὶτούτων
918 1476 1162 1538 ἀκούειν,
1185 1471 1448 1540 νοσούσης
1477 1468 1632 1538 ἡμῶν
1673 1465 1853 1536 ψυχῆς
1877 1481 1890 1494 ·
1931 1466 1992 1517 ού
2031 1465 2140 1536 γὰρ
2167 1462 2278 1521 οἷόν
2316 1485 2376 1520 τε
2404 1469 2577 1532 ἄλλως
2613 1471 2723 1523 τῶν
2751 1471 2998 1540 ψυχικῶν
3029 1471 3175 1540 ἡμᾶς
3195 1471 3461 1540 ρ’δσθῆναι
3493 1472 3700 1524 παθῶν.

498 1617 553 1669 2.
601 1613 828 1680 Quando
860 1625 989 1678 ergo
1055 1608 1363 1662 laboramus
1420 1605 1626 1668 anima,
1680 1619 1785 1656 non
1845 1602 2018 1669 magis

430 1719 610 1762 autem
640 1720 806 1774 quum
839 1717 945 1756 nou
992 1701 1310 1754 laboramus
1344 1699 1708 1751 ostendamus
1738 1695 2013 1749 infirmam

2201 1608 2266 1676 β’.
2305 1608 2477 1661 Ὅταν
2507 1606 2600 1662 οὖν
2631 1607 2939 1679 κάμνωμεν
2977 1607 3247 1678 ψυχικῶς,
3277 1609 3475 1678 μᾶλλον
3519 1609 3573 1661 δὲ
3603 1611 3704 1662 οὐκ

2131 1697 2281 1750 ἐστιν
2317 1700 2405 1750 ὅτε
2431 1700 2492 1752 ού
2535 1701 2840 1769 κάμνομεν,
2873 1702 3228 1768 ἐπιδείξωμεν
3260 1703 3358 1771 τὴν
3389 1701 3706 1772 ἁρῤωστοῦο

432 1799 670 1853 animum
705 1796 934 1848 Domino
965 1791 1185 1846 Christo
1219 1807 1326 1860 pra:
1355 1790 1610 1845 omnibus
1633 1804 1848 1843 omnem
1879 1801 2023 1838 mor-

2142 1808 2236 1843 σαν
2270 1791 2450 1862 ψυχὴν
2482 1792 2559 1862 τῷ
2612 1794 2863 1866 Δεσπότῃ
2907 1795 3127 1866 Χριστῷ
3178 1796 3285 1865 πρὸ
3336 1797 3575 1854 πάντων,
3630 1796 3709 1864 τῷ

432 1893 558 1946 btnn
589 1900 641 1944 et
670 1888 1004 1943 debilitatem
1047 1894 1300 1938 cunctam
1347 1883 1584 1947 sananti,
1619 1881 1738 1950 ejus
1784 1879 2027 1946 discipu-

431 1985 514 2038 los
554 1984 879 2037 inducamus
913 1978 1186 2031 mirandos
1235 1975 1492 2038 medicos,
1535 1985 1589 2028 et
1627 1989 1750 2026 cum
1787 1972 1866 2025 eis
1897 1987 2026 2040 pro-

431 2077 653 2149 phetas,
702 2080 756 2127 ct
789 2074 874 2126 his
920 2070 1225 2123 assidentes
1266 2068 1550 2121 audiamus
1601 2066 1670 2118 ab
1689 2065 1768 2118 eis
1794 2064 1922 2134 quid
1954 2063 2032 2116 fa-

432 2167 686 2225 ciendum
715 2173 930 2234 aegrota:
958 2163 1023 2214 ad
1049 2160 1167 2229 cjns
1192 2160 1550 2212 curationem.
1586 2155 1822 2211 Omnino
1849 2155 2034 2210 dicent

435 2277 534 2317 nec
560 2260 861 2330 quidquam
892 2256 1234 2310 abscondent
1267 2269 1283 2318 ;
1315 2252 1610 2319 loquuntur
1633 2249 1780 2301 enim
1815 2262 2031 2314 semper

434 2369 529 2424 per
565 2352 927 2419 Seripturas.
1003 2346 1110 2399 Sed
1183 2361 1289 2398 non
1347 2345 1578 2396 attendit
1643 2343 1778 2396 fcbri
1830 2340 2034 2408 capta?

435 2440 844 2514 (Auguricmus)
906 2453 1165 2506 cogamus
1217 2452 1314 2489 nos
1354 2451 1496 2497 e..m,
1522 2444 1576 2487 ct
1621 2436 1882 2489 rationein
1915 2436 2035 2503 ejus

433 2531 736 2585 excitentus
767 2527 897 2594 quin
957 2535 1206 2591 Oporteat
1267 2524 1404 2574 bona
1458 2523 1680 2576 medicis
1730 2524 2037 2591 expendere

436 2625 578 2679 istis.
601 2618 786 2686 Neque
818 2618 962 2671 enim
1002 2613 1308 2668 ιιιετοριίριιι
1347 2615 1455 2682 pro:
1478 2613 1677 2681 scipsis
1700 2629 1760 2665 ex
1775 2624 2032 2680 poscunt,

437 2731 611 2786 neque
638 2727 733 2785 pro
760 2712 1049 2767 medicinis
1078 2726 1214 2778 quas
1257 2720 1561 2779 pra‘parant
1591 2708 1662 2774 .in
1713 2707 2039 2762 necessitate

437 2825 468 2862 a
499 2809 654 2861 nobis
686 2819 987 2873 expensum
1018 2804 1244 2871 exigunt
1273 2802 1376 2854 nisi
1406 2803 1618 2853 ratione
1644 2800 2034 2870 eleemosynae.

440 2906 515 2954 De
553 2909 750 2954 cmtero
796 2913 925 2952 vero
975 2907 1023 2951 et
1080 2896 1312 2959 addunt,
1365 2893 1586 2964 quando
1636 2895 1793 2946 verbi
1831 2893 2032 2961 gratia,

437 2996 631 3062 jubent
667 2991 956 3061 temperari
991 3006 1020 3042 a
1062 2986 1355 3054 superfluis
1387 2997 1443 3040 et
1473 2990 1541 3039 ab
1587 2986 2027 3048 irrationalibus,

443 3090 674 3143 liberant
727 3083 977 3150 expensis
1036 3096 1214 3137 :cum
1285 3079 1568 3134 abstinere
1613 3082 1682 3132 ab
1742 3079 2032 3142 ebrietate,

2136 1885 2320 1936 πᾶσαν
2355 1886 2510 1938 νόσον
2558 1889 2648 1939 καί
2707 1888 2982 1956 μαλακίαν
3027 1889 3246 1941 ἃπασαν
3299 1889 3534 1958 ἰωμένῳ,
3585 1890 3709 1951 τοὺς

2135 1974 2302 2028 αύτοῦ
2333 1977 2582 2047 μαθητὰς
2603 1979 2936 2048 εἰσάγωμεν,
2959 1979 3086 2040 τοὺς
3107 1981 3441 2048 θαυμασίους
3473 1982 3708 2048 ἰατροὺς,

2135 2072 2230 2121 καὶ
2259 2069 2357 2123 σὺν
2388 2073 2572 2135 αὐτοῖς
2607 2073 2735 2136 τοὺς
2774 2074 3061 2142 προφήτας
3093 2087 3106 2101 ⁸
3161 2075 3252 2124 καὶ
3284 2073 3496 2133 τούτοις
3538 2088 3713 2137 παρα-

2139 2164 2485 2231 καθήσαντες
2539 2164 2871 2234 ἀκούσωμεν
2912 2165 3045 2234 παρ’
3091 2165 3292 2228 αὐτῶν,
3325 2165 3376 2216 τί
3409 2166 3490 2216 δεῖ
3540 2167 3714 2215 ποιεῖν

2137 2255 2237 2324 τὴν
2267 2255 2535 2308 νοσοῦσαν
2586 2258 2665 2317 εἰς
2721 2257 2964 2325 ἰατρείαν
3015 2257 3208 2326 αὐτῆς.
3246 2258 3474 2320 Πάντως
3531 2257 3716 2327 ἐροῦσι

2139 2349 2235 2399 καὶ
2269 2348 2370 2399 οὐκ
2398 2348 2815 2416 ἀποκρύψονται
2843 2364 2858 2381 ⁸
2891 2349 3223 2419 φθέγγονται
3249 2351 3356 2420 γὰρ
3383 2352 3468 2403 ἀεὶ
3496 2351 3582 2403 διὰ
3609 2352 3716 2404 τῶν

2140 2440 2402 2507 ι’ραφῶν.
2436 2439 2584 2492 ’Λ).λ“
2613 2440 2675 2492 ού
2702 2443 2965 2510 προσέχει
2995 2442 3074 2512 τῷ
3093 2443 3314 2512 πυρετῷ
3336 2445 3713 2513 κατεχομένης

2141 2533 2664 2601 καταναγκάσωμεν
2701 2535 2863 2602 ἡμεῖς
2909 2536 3100 2605 αὐτὴν,
3139 2538 3235 2590 καὶ
3266 2535 3326 2588 τὸ
3369 2535 3585 2602 λογικὸν
3618 2537 3716 2588 αύ-

2139 2625 2238 2691 τῆς
2269 2624 2654 2692 διεγείρωμεν,
2700 2625 2884 2678 οὐκέτι
2924 2628 3187 2696 χρήματα
3231 2631 3343 2690 τοῖς
3381 2629 3586 2697 ἰατροῖς
3622 2645 3720 2680 κα-

2139 2714 2382 2768 ταθεῖναι
2418 2714 2631 2776 τούτοις
2652 2730 2666 2745 °
2697 2713 2824 2767 ούτε
2856 2716 2966 2785 γὰρ
2997 2718 3153 2798 αὐτοὶ
3196 2720 3386 2787 μισθὸν
3424 2721 3563 2790 ὑπὲρ
3594 2721 3719 2772 ἐαυ-

2141 2807 2250 2860 τῶν
2298 2806 2647 2869 ἀπαιτοῦσιν,
2704 2807 2828 2860 οὒτε
2871 2807 3012 2878 ὑπὲρ
3065 2811 3376 2878 φαρμάκων
3430 2809 3505 2863 ὧν
3551 2828 3721 2864 κατα-

2145 2899 2528 2962 σκευάζουσιν,
2551 2899 2630 2960 εἰς
2651 2900 2898 2970 ἀνάγκην
2919 2903 3062 2971 ἡμᾶς
3080 2901 3324 2972 δαπάνης
3343 2904 3717 2970 ἐκκαλοῦνται,

2146 2989 2286 3058 πλὴν
2317 2989 2420 3057 τῆς
2449 2989 2822 3058 ὲλεημοσύνης
2849 3005 2863 3020 ο
2898 2991 2953 3041 ἐν
2979 2993 3093 3052 τοῖς
3123 2991 3306 3055 ἄλλοις
3342 2993 3396 3045 δὲ
3425 2996 3514 3046 καὶ
3546 3011 3721 3064 προσ.

2143 3081 2406 3143 διδόασιν,
2438 3076 2548 3132 οἷον
2597 3080 2728 3132 ὅταν
2763 3080 3034 3134 κελεύωσι
3087 3085 3389 3152 σωφρονεῖν
3419 3085 3524 3137 τῶν
3563 3086 3724 3138 ἐκαί-

439 3181 670 3236 ditiorcs
727 3191 824 3232 nos
876 3174 1127 3231 reddunt.
1160 3162 1427 3227 Vidistitie
1480 3171 1812 3225 medicorum
1850 3179 2021 3222 artem

2142 3189 2256 3242 ρων
2286 3173 2461 3243 ἡμᾶς,
2493 3173 2586 3223 καὶ
2617 3171 2838 3224 ἀτόπων
2863 3173 3307 3226 ἀπαλλάττουσιν
3325 3177 3719 3245 ἀναλωμάτων,

437 3287 562 3327 cum
595 3270 832 3324 sanitate
866 3275 922 3320 et
979 3265 1204 3319 divitias
1263 3262 1626 3316 aflcreutcrn?
1685 3261 2037 3314 ASsidt-amns

435 3379 570 3435 ergo
601 3360 1050 3426 istis,audiamus
1093 3356 1212 3410 hac
1235 3357 1483 3425 jussuum
1519 3354 1679 3407 verba
1719 3369 1840 3421 qum
1873 3354 2042 3414 impe«

439 3464 583 3520 rant,-
613 3454 836 3506 auribus
867 3449 1151 3518 acquisitis
1208 3445 1580 3515 Spiritualibus
1597 3443 1664 3498 ad
1685 3439 2035 3506 audiendum,

443 3563 496 3605 et
540 3550 820 3603 discamus
855 3547 923 3599 ab
973 3544 1055 3598 eis
1093 3542 1270 3596 morbi
1332 3540 1504 3594 nostri
1541 3551 1817 3602 naturam,
1875 3539 2039 3593 sicuti

449 3643 704 3697 videmus
744 3645 1008 3694 b0ll0l’lllll
1062 3653 1206 3706 sa-pe
1253 3645 1304 3690 et
1333 3633 1671 3699 divitiarum,
1718 3645 1778 3685 ut
1817 3631 1933 3686 febr
1957 3633 2038 3686 ci-

447 3745 626 3789 tantes
658 3730 909 3802 frigoris;
967 3732 1257 3784 audiamus
1310 3726 1440 3796 quid
1494 3725 1818 3788 hortentur;
1885 3727 2031 3778 sicut

444 3829 590 3880 enim
621 3826 700 3878 ait
759 3823 1059 3890 corporalis
1111 3820 1354 3874 medicus
1395 3825 1608 3878 noster;
1656 3817 1871 3882 quando
1925 3814 2035 3866 alli—

443 3916 661 3972 cicinini
713 3915 1010 3984 cupiditate
1044 3912 1209 3966 multa
1259 3911 1343 3966 bis
1386 3919 1439 3964 ct
1466 3911 1550 3964 bis
1579 3911 1888 3978 Opponetis.
1940 3909 2048 3961 Eo-

445 4015 563 4065 dem
595 4010 812 4080 quidem
850 4007 1010 4062 modo
1033 4016 1088 4061 et
1118 4006 1347 4059 Paulus:
1376 4005 1478 4070 Qui
1505 4003 1691 4054 volunt
1715 3999 1909 4054 divites
1936 4002 2034 4052 fit:-

444 4105 513 4166 ri,
541 4104 792 4157 incidunt
819 4100 1252 4154 intentationem
1283 4107 1337 4152 et
1366 4098 1693 4165 cupiditates
1750 4096 1944 4148 stultas
1979 4102 2032 4144 et

445 4213 669 4258 noCuas,
716 4210 835 4264 qua:
883 4193 1222 4261 prmeipitant
1287 4190 1532 4244 bomincs
1586 4189 1636 4242 in
1693 4188 2048 4256 perditione."

446 4304 498 4344 ct
561 4289 792 4342 ruinam.
851 4275 958 4339 Sed
1015 4281 1222 4337 debiles
1294 4297 1505 4334 sumus.
1563 4284 1857 4334 Audiamus
1924 4296 2048 4332 t'lltll

449 4399 636 4437 rursus
670 4380 940 4432 dicentem
981 4391 996 4430 :
1029 4373 1221 4427 Adhuc
1255 4373 1520 4426 modicum
1547 4383 1600 4426 ct.
1643 4373 1733 4439 qui
1782 4371 1930 4424 venit
1962 4386 2051 4420 vc-

447 4475 582 4536 nict,
642 4481 693 4524 et
745 4486 848 4522 non
918 4466 1174 4520 tardabit.
1202 4464 1459 4519 Dominus
1509 4478 1674 4532 prope
1728 4475 1848 4526 esr;
1903 4459 2035 4512 nibil

450 4563 738 4633 ncgligite;
780 4574 833 4613 et
860 4574 1048 4612 rursus
1082 4575 1097 4612 :
1130 4556 1382 4610 l’rmterit
1425 4557 1593 4622 figura
1633 4552 1794 4617 bnjus
1829 4551 2037 4606 mundi.

2143 3267 2272 3318 ὅταν
2307 3266 2607 3334 ἀπέχεσθαι
2659 3265 2857 3334 μέθης,
2894 3266 3310 3338 εὐπορωτέρους
3353 3270 3500 3338 ἡμᾶς
3533 3269 3724 3322 ποοῦ-

2148 3375 2257 3412 σιν.
2292 3354 2443 3418 Εἶδες
2474 3356 2678 3427 ἰατρῶν
2706 3359 2910 3428 τέχνην
2949 3359 3087 3428 μετά
3117 3359 3215 3428 τῆς
3251 3361 3439 3429 ὑγείας
3468 3361 3560 3414 καί
3590 3363 3726 3432 χρή-

2152 3467 2298 3519 ματα
2335 3448 2730 3521 παρεχόντων;
2781 3450 3263 3521 Παρακαθίσωμεν
3313 3453 3491 3508 τοίνυν
3517 3455 3724 3518 αὐτοῖς,

2151 3544 2476 3609 ἀκούσωμεν
2521 3542 2730 3596 τούτων
2764 3543 2872 3596 τῶν
2922 3543 3097 3612 λόγων
3151 3545 3572 3609 ὲπιταττόντων,
3613 3541 3728 3599 ὦτα

2148 3637 2481 3704 κεκτημένοι
2518 3639 2870 3706 πνευματικὰ
2927 3638 3063 3705 πρὸς
3095 3638 3155 3689 τὸ
3203 3638 3422 3690 ἀκούειν
3450 3653 3466 3668 °
3502 3642 3593 3693 καὶ
3621 3643 3731 3708 pti-

2151 3729 2336 3798 θωμεν
2367 3727 2498 3796 παρ’
2526 3728 2704 3780 αὐτῶν
2737 3727 2829 3780 τοῦ
2864 3731 3174 3797 νοσήματος
3203 3730 3357 3801 ἡμῶν
3407 3731 3506 3801 τὴν
3543 3734 3729 3800 φύστν,

2153 3814 2264 3871 οἷον
2294 3819 2511 3888 ὁρῶμεν
2564 3820 2866 3888 χριμάτων
2922 3820 3184 3885 πολλάκις
3242 3824 3335 3875 καὶ
3388 3823 3728 3890 πλεονεξίας,

2153 3912 2346 3978 ὥσπερ
2388 3914 2436 3963 οἱ
2472 3912 2832 3981 πυρέττοντες
2880 3911 3094 3980 ψυχροῦ
3123 3929 3135 3942 ⁸
3173 3913 3500 3986 ἀκούσωμεν
3551 3913 3646 3970 οὖν
3677 3919 3732 3970 τί

2156 4004 2525 4072 παραινοῦσι·
2608 4003 2860 4074 καθάπερ
2923 4006 3031 4075 γάρ
3104 4020 3268 4076 φησιν
3329 4008 3358 4058 6
3417 4011 3733 4078 σωματικὺς

2161 4095 2345 4164 ἰατρὸς
2376 4093 2557 4162 ἡμῶν,
2588 4095 2668 4146 ὅτι
2701 4096 2794 4146 ἐὰν
2821 4096 3101 4165 χρήσηοθε
3134 4102 3200 4168 τῇ
3235 4097 3500 4170 ἐπιθυμίᾳ
3534 4103 3730 4172 πολλῇ,

2158 4188 2225 4238 τὰ
2262 4187 2356 4237 καὶ
2391 4187 2456 4238 τὰ
2507 4187 2889 4255 ύποστήσεσθε
2915 4205 2930 4219 ·
2977 4189 3066 4241 τὸν
3102 4191 3264 4242 αύτίιν
3302 4191 3364 4258 δὴ
3402 4192 3608 4260 τρόπον
3643 4195 3738 4246 καὶ

2163 4279 2393 4339 Παύλος⁸
2429 4280 2495 4331 Οἰ
2527 4279 2582 4332 δὲ
2614 4279 2931 4350 βουλόμενοι
2963 4283 3222 4337 πλουτεῖν
3262 4285 3627 4353 ἐμπίπτουσιν
3657 4289 3737 4341 εἰ;

2159 4371 2472 4438 πειρασμίιν
2510 4369 2601 4421 καὶ
2653 4370 2954 4440 ἐπιθυμίας
2999 4374 3263 4443 ἀνοήτους
3295 4378 3386 4428 καὶ
3441 4377 3738 4449 βλαϐερᾶς,

2147 4463 2349 4524 αἵτινες
2383 4461 2666 4531 βυθίζουσι
2695 4464 2822 4527 τοὺς
2863 4465 3187 4536 ἀνθρώπους
3230 4470 3309 4532 εἰς
3357 4469 3578 4540 δλεθρω
3647 4478 3736 4525 καὶ

2147 4555 2468 4608 ἀπώλειαν·
2528 4555 2642 4607 ἁλλ’
2702 4557 3080 4627 ἀκαρτέρητοί
3144 4559 3334 4626 ἐσμεν.
3370 4561 3781 4631 ,Ἀκούσιομεςι

449 4656 617 4711 αὑτοῦ
669 4654 830 4706 πάλιν
865 4652 1168 4722 λέγοντος·
1204 4651 1328 4704 Ἔτι
1365 4651 1559 4720 μικρόν
1595 4688 1609 4710 ,
1658 4651 1686 4700 6
1757 4649 2056 4717 ἐρχόμενος
2101 4649 2221 4718 ἣξει
2276 4652 2368 4701 καὶ
2415 4648 2475 4702 οὐ
2505 4652 2754 4719 χρονιεῖο
2781 4653 2809 4704 6
2863 4651 3068 4722 Κύριος
3123 4653 3328 4721 ἐγγύς·
3378 4655 3543 4722 μηδὲν
3581 4672 3743 4728 μερι-

456 4752 664 4825 μνᾶτε·
705 4749 798 4801 καὶ
825 4743 1012 4810 αὖθιςο
1051 4745 1381 4816 Παράγειτὸ
1425 4745 1616 4814 σχῆμα
1681 4744 1776 4797 τοῦ
1835 4743 2047 4815 κόσμου
2090 4742 2304 4801 τούτου,

513 4890 567 4942 5.
618 4885 731 4938 Non
792 4883 965 4937 solum
1031 4885 1210 4935 autent
1262 4882 1438 4952 jubet,
1496 4882 1590 4935 sed
1646 4888 1700 4935 ct
1745 4881 2058 4936 cnnsolatur
2091 4884 2136 4939 D

454 4981 732 5036 medicus:
767 4977 838 5030 ita
901 4987 954 5032 et
1017 4976 1131 5045 ipse
1178 4975 1375 5029 avertit
1425 4974 1775 5044 cupiditatem
1825 4973 2054 5030 :Vultis

456 5072 638 5133 ditari,
671 5069 866 5138 inquit,
908 5071 962 5121 in
1013 5067 1268 5136 operibus
1296 5067 1544 5121 ditctnini
1621 5067 1804 5122 bonis.
1842 5064 2051 5136 Cupitis

459 5160 856 5220 tltcsaurizare,
895 5171 1235 5225 nequaquam
1297 5157 1582 5225 impedio:
1631 5161 1791 5211 modo
1851 5158 1945 5210 fiat
1995 5157 2048 5210 in

463 5253 636 5307 caelis.
668 5251 743 5305 Ac
783 5250 946 5303 veluti
980 5250 1226 5303 medicus
1256 5250 1390 5303 dicit
1427 5249 1598 5320 frigus
1628 5265 1745 5303 csse
1777 5265 2033 5313 nocuum,

458 5348 530 5400 ita
554 5355 605 5399 et
627 5344 738 5413 ipsc
770 5343 1009 5406 brevius,
1040 5343 1164 5409 quia
1200 5343 1420 5395 brevem
1461 5357 1580 5395 esse
1617 5354 1792 5407 curat,
1825 5342 2051 5396 eviden-

463 5439 575 5490 tius
615 5435 782 5487 mnlto
835 5446 883 5488 et
919 5434 1192 5500 potentius
1227 5448 1239 5484 :
1279 5433 1448 5485 ltadix
1483 5433 1729 5485 omnium
1770 5432 2039 5485 malorum

455 5537 539 5580 est
578 5529 824 5580 avaritia.
855 5526 970 5590 Quo
1011 5527 1173 5593 igitur
1203 5535 1417 5594 oportet
1451 5527 1525 5578 ttti
1552 5526 1574 5578 ?
1605 5525 1717 5580 lloc
1771 5536 1825 5580 et
1880 5528 2045 5580 dicit:

460 5619 788 5672 Sullicientia
827 5633 923 5686 pro
959 5617 1320 5682 abundantia,
1347 5628 1430 5671 est
1461 5619 1605 5672 enim
1639 5631 1880 5688 qiucstus
1930 5633 2050 5670 ina-

463 5722 695 5772 gnus,at
747 5709 1063 5766 suflicicntia
1115 5726 1236 5766 cum
1272 5712 1487 5780 ['tietatc.
1553 5713 1605 5767 Si
1659 5723 1838 5768 autem
1901 5727 2041 5782 argve

2241 4887 2309 4948 γ’.
2351 4871 2484 4932 Οὐδὲ
2512 4880 2620 4949 γὰρ
2652 4881 2934 4934 ἐπιτάττει
2963 4882 3143 4951 μόνον,
3188 4882 3325 4936 ἀλλά
3358 4885 3451 4936 καὶ
3481 4869 3744 4956 παραμψ

2161 4972 2338 5025 θεῖται
2368 4971 2444 5033 ὡς
2486 4971 2671 5042 ἰατρός
2695 4986 2709 5001 ⁸
2758 4969 2902 5025 οὓτω
2929 4974 3024 5027 καὶ
3058 4967 3211 5039 οὗτος
3260 4976 3603 5046 μετοχετεύει
3639 4979 3743 5049 τὴν

2161 5064 2485 5132 ἐπιθυμίαν.
2541 5062 2814 5116 Βούλεσθε
2859 5065 3151 5131 πλουτεῖν,
3199 5069 3401 5138 φησίν·
3455 5072 3515 5121 ὲν
3553 5067 3742 5137 ἔργοις

2159 5156 2444 5207 πλουτεῖτε
2471 5153 2721 5220 ἀγαθοῖς.
2760 5152 3117 5224 Ἑπιθυμείτε
3144 5155 3501 5225 θησαυρίζειν
3527 5175 3539 5218 ;
3577 5161 3742 5211 οὐδὲν

2159 5248 2381 5301 κωλύω·
2418 5247 2580 5312 μόνον
2604 5248 2660 5297 ἐν
2690 5250 2805 5311 τοῖς
2834 5247 3088 5316 οὐρανοῖς
3111 5263 3126 5279 ο
3155 5249 3247 5300 καὶ
3271 5248 3459 5321 ὥσπερ
3489 5251 3518 5302 6
3551 5251 3745 5322 ἰατρὸς

2163 5341 2337 5407 λέγει,
2377 5339 2458 5392 ὅτι
2489 5337 2550 5391 τὸ
2577 5338 2787 5407 ψυχρὸν
2812 5338 3100 5408 βλαβερὸν,
3133 5339 3274 5392 οὕτω
3299 5341 3395 5393 καί
3423 5342 3584 5404 αὐτὸς
3612 5358 3746 5395 συν-

2161 5431 2502 5501 τομώτερον,
2555 5432 2650 5486 ἆτε
2709 5432 3077 5501 βραχυλογίας
3131 5434 3584 5503 ἐπιμελούμενος,
3642 5451 3747 5487 σα-

2156 5525 2422 5594 φέστερον
2479 5524 2537 5577 δὲ
2594 5524 2778 5592 πολλῷ
2836 5525 2930 5579 καί.
2984 5526 3392 5595 δυνατώτερα-δ’
3456 5527 3576 5596 ῥίζα
3626 5530 3746 5597 γὰρ

2155 5622 2378 5672 πάντων
2427 5618 2536 5670 τῶν
2583 5618 2774 5671 κακῶν
2809 5619 2963 5671 ἐστιν
3015 5619 3452 5689 ὴφυλαργυρία.
3496 5621 3613 5670 Τίνι
3658 5618 3747 5673 δεῖ

2154 5711 2250 5767 οὖν
2284 5712 2639 5783 χρήσασθαι;
2675 5710 2824 5779 λέγει
2857 5711 2948 5764 καὶ
2980 5713 3157 5780 τοῦτο,
3184 5715 3249 5783 τῇ
3279 5712 3580 5780 αὐταρκείᾳ
3615 5711 3746 5767 ἀντὶ
