  <div class='ocr_page' id='page_1' title='image "/cluster/home/n/w/nwhite01/storage/ocr_20150623/149:no.2/coo.31924054870542/456.png"; bbox 0 0 4048 6454; ppageno 0'>
   <div class='ocr_carea' id='block_1_1' title="bbox 387 325 486 387">
    <p class='ocr_par' dir='ltr' id='par_1_1' title="bbox 387 325 486 387">
     <span class='ocr_line' id='line_1_1' title="bbox 387 325 486 387; baseline 0.01 -1"><span class='ocrx_word' id='word_1_1' title='bbox 387 325 486 387; x_wconf 73' lang='lat'><strong>9-31</strong></span> 
     </span>
    </p>
   </div>
   <div class='ocr_carea' id='block_1_2' title="bbox 1777 326 2223 391">
    <p class='ocr_par' dir='ltr' id='par_1_2' title="bbox 1777 326 2223 391">
     <span class='ocr_line' id='line_1_2' title="bbox 1777 326 2223 391; baseline 0.007 -3"><span class='ocrx_word' id='word_1_2' title='bbox 1777 326 2112 389; x_wconf 75' lang='lat' dir='ltr'><strong>ETHiCON</strong></span> <span class='ocrx_word' id='word_1_3' title='bbox 2145 328 2223 391; x_wconf 80' lang='lat' dir='ltr'><strong>ii.</strong></span> 
     </span>
    </p>
   </div>
   <div class='ocr_carea' id='block_1_3' title="bbox 3546 323 3653 385">
    <p class='ocr_par' dir='ltr' id='par_1_3' title="bbox 3546 323 3653 385">
     <span class='ocr_line' id='line_1_3' title="bbox 3546 323 3653 385; baseline 0 0"><span class='ocrx_word' id='word_1_4' title='bbox 3546 323 3653 385; x_wconf 56' lang='lat' dir='ltr'><strong>91f!</strong></span> 
     </span>
    </p>
   </div>
   <div class='ocr_carea' id='block_1_4' title="bbox 397 438 1972 513">
    <p class='ocr_par' dir='ltr' id='par_1_4' title="bbox 397 441 1972 513">
     <span class='ocr_line' id='line_1_4' title="bbox 397 441 1972 513; baseline -0.002 -18"><span class='ocrx_word' id='word_1_5' title='bbox 397 441 758 507; x_wconf 70' lang='grc' dir='ltr'>πλεονεξίας·</span> <span class='ocrx_word' id='word_1_6' title='bbox 818 441 933 494; x_wconf 73' lang='grc' dir='ltr'>ἔστι</span> <span class='ocrx_word' id='word_1_7' title='bbox 986 442 1097 512; x_wconf 76' lang='grc' dir='ltr'><strong>γὰρ</strong></span> <span class='ocrx_word' id='word_1_8' title='bbox 1143 443 1413 513; x_wconf 69' lang='grc' dir='ltr'>πορισμὶς</span> <span class='ocrx_word' id='word_1_9' title='bbox 1459 441 1653 513; x_wconf 79' lang='grc' dir='ltr'>μέγας,</span> <span class='ocrx_word' id='word_1_10' title='bbox 1706 444 1894 511; x_wconf 68' lang='grc' dir='ltr'>φησὶν,</span> <span class='ocrx_word' id='word_1_11' title='bbox 1942 441 1972 510; x_wconf 84' lang='grc' dir='ltr'>ἡ</span> 
     </span>
    </p>
   </div>
   <div class='ocr_carea' id='block_1_5' title="bbox 2075 438 3658 513">
    <p class='ocr_par' dir='ltr' id='par_1_5' title="bbox 2080 438 3658 510">
     <span class='ocr_line' id='line_1_5' title="bbox 2080 438 3658 510; baseline 0.002 -18"><span class='ocrx_word' id='word_1_12' title='bbox 2080 438 2217 492; x_wconf 77' lang='lat' dir='ltr'><strong>ferat</strong></span> <span class='ocrx_word' id='word_1_13' title='bbox 2248 440 2369 510; x_wconf 89' lang='lat' dir='ltr'><strong>quis</strong></span> <span class='ocrx_word' id='word_1_14' title='bbox 2402 451 2455 493; x_wconf 86' lang='lat' dir='ltr'><strong>ct</strong></span> <span class='ocrx_word' id='word_1_15' title='bbox 2497 438 2729 506; x_wconf 79' lang='lat' dir='ltr'><strong>amplius</strong></span> <span class='ocrx_word' id='word_1_16' title='bbox 2795 438 3087 504; x_wconf 85' lang='lat' dir='ltr'><strong>desideret,</strong></span> <span class='ocrx_word' id='word_1_17' title='bbox 3119 444 3173 492; x_wconf 90' lang='lat' dir='ltr'><strong>et</strong></span> <span class='ocrx_word' id='word_1_18' title='bbox 3222 438 3457 493; x_wconf 87' lang='lat' dir='ltr'><strong>nondum</strong></span> <span class='ocrx_word' id='word_1_19' title='bbox 3524 455 3658 495; x_wconf 86' lang='lat' dir='ltr'><strong>con-</strong></span> 
     </span>
    </p>
   </div>
   <div class='ocr_carea' id='block_1_6' title="bbox 395 534 1972 606">
    <p class='ocr_par' dir='ltr' id='par_1_6' title="bbox 395 534 1972 606">
     <span class='ocr_line' id='line_1_6' title="bbox 395 534 1972 606; baseline -0.004 -16"><span class='ocrx_word' id='word_1_20' title='bbox 395 536 703 606; x_wconf 82' lang='grc' dir='ltr'>αὐτάρκεια</span> <span class='ocrx_word' id='word_1_21' title='bbox 745 534 863 605; x_wconf 87' lang='grc' dir='ltr'>μετ’</span> <span class='ocrx_word' id='word_1_22' title='bbox 892 535 1200 598; x_wconf 77' lang='grc' dir='ltr'>εὐσεϐείας.</span> <span class='ocrx_word' id='word_1_23' title='bbox 1245 536 1309 590; x_wconf 73' lang='lat' dir='ltr'><strong>Et</strong></span> <span class='ocrx_word' id='word_1_24' title='bbox 1343 536 1400 588; x_wconf 81' lang='grc' dir='ltr'>δὲ</span> <span class='ocrx_word' id='word_1_25' title='bbox 1437 536 1831 604; x_wconf 82' lang='grc' dir='ltr'><strong>δυσανασχετεῖ</strong></span> <span class='ocrx_word' id='word_1_26' title='bbox 1862 550 1972 598; x_wconf 85' lang='grc' dir='ltr'>τις,</span> 
     </span>
    </p>
   </div>
   <div class='ocr_carea' id='block_1_7' title="bbox 392 625 1975 696">
    <p class='ocr_par' dir='ltr' id='par_1_7' title="bbox 392 625 1975 696">
     <span class='ocr_line' id='line_1_7' title="bbox 392 625 1975 696; baseline -0.004 -13"><span class='ocrx_word' id='word_1_27' title='bbox 392 629 490 683; x_wconf 80' lang='grc' dir='ltr'><strong>καὶ</strong></span> <span class='ocrx_word' id='word_1_28' title='bbox 520 627 788 680; x_wconf 87' lang='grc' dir='ltr'>πλειόνων</span> <span class='ocrx_word' id='word_1_29' title='bbox 840 626 1121 695; x_wconf 70' lang='grc' dir='ltr'>ἐπιθυμεῖ,</span> <span class='ocrx_word' id='word_1_30' title='bbox 1170 627 1265 680; x_wconf 70' lang='grc' dir='ltr'>καὶ</span> <span class='ocrx_word' id='word_1_31' title='bbox 1302 626 1457 680; x_wconf 72' lang='grc' dir='ltr'>οὔπω</span> <span class='ocrx_word' id='word_1_32' title='bbox 1504 629 1674 696; x_wconf 85' lang='grc' dir='ltr'>χωρεί</span> <span class='ocrx_word' id='word_1_33' title='bbox 1712 625 1868 695; x_wconf 74' lang='grc' dir='ltr'>ῥίψαι</span> <span class='ocrx_word' id='word_1_34' title='bbox 1904 625 1975 676; x_wconf 65' lang='grc' dir='ltr'>τὰ</span> 
     </span>
    </p>
   </div>
   <div class='ocr_carea' id='block_1_8' title="bbox 398 714 1972 789">
    <p class='ocr_par' dir='ltr' id='par_1_8' title="bbox 398 714 1972 789">
     <span class='ocr_line' id='line_1_8' title="bbox 398 714 1972 789; baseline -0.002 -18"><span class='ocrx_word' id='word_1_35' title='bbox 398 719 628 789; x_wconf 72' lang='grc' dir='ltr'>περιττὰ</span> <span class='ocrx_word' id='word_1_36' title='bbox 665 719 868 781; x_wconf 69' lang='grc' dir='ltr'>πάντα,</span> <span class='ocrx_word' id='word_1_37' title='bbox 900 718 1052 785; x_wconf 87' lang='grc' dir='ltr'>λέγει</span> <span class='ocrx_word' id='word_1_38' title='bbox 1097 717 1302 787; x_wconf 83' lang='grc' dir='ltr'>καὶτῷ</span> <span class='ocrx_word' id='word_1_39' title='bbox 1341 717 1512 779; x_wconf 80' lang='grc' dir='ltr'>οὕτως</span> <span class='ocrx_word' id='word_1_40' title='bbox 1557 717 1850 789; x_wconf 76' lang='grc' dir='ltr'>ἀρρώστῳ,</span> <span class='ocrx_word' id='word_1_41' title='bbox 1879 714 1972 769; x_wconf 75' lang='grc' dir='ltr'><strong>καὶ</strong></span> 
     </span>
    </p>
   </div>
   <div class='ocr_carea' id='block_1_9' title="bbox 393 809 1973 881">
    <p class='ocr_par' dir='ltr' id='par_1_9' title="bbox 393 809 1973 881">
     <span class='ocr_line' id='line_1_9' title="bbox 393 809 1973 881; baseline -0.003 -15"><span class='ocrx_word' id='word_1_42' title='bbox 393 813 610 873; x_wconf 78' lang='grc' dir='ltr'><strong>τούτοις</strong></span> <span class='ocrx_word' id='word_1_43' title='bbox 664 809 783 873; x_wconf 85' lang='grc' dir='ltr'><strong>πῶς</strong></span> <span class='ocrx_word' id='word_1_44' title='bbox 812 809 1127 881; x_wconf 78' lang='grc' dir='ltr'>χρήσασθαι</span> <span class='ocrx_word' id='word_1_45' title='bbox 1173 810 1293 863; x_wconf 80' lang='grc' dir='ltr'>δεῖ·</span> <span class='ocrx_word' id='word_1_46' title='bbox 1347 809 1435 864; x_wconf 78' lang='grc' dir='ltr'><strong>ἵνα</strong></span> <span class='ocrx_word' id='word_1_47' title='bbox 1463 811 1513 862; x_wconf 81' lang='lat' dir='ltr'><strong>oi</strong></span> <span class='ocrx_word' id='word_1_48' title='bbox 1555 811 1842 880; x_wconf 81' lang='grc' dir='ltr'>χαίροντες</span> <span class='ocrx_word' id='word_1_49' title='bbox 1878 809 1973 861; x_wconf 77' lang='grc' dir='ltr'><strong>ἐπὶ</strong></span> 
     </span>
    </p>
   </div>
   <div class='ocr_carea' id='block_1_10' title="bbox 398 893 1974 974">
    <p class='ocr_par' dir='ltr' id='par_1_10' title="bbox 398 893 1974 974">
     <span class='ocr_line' id='line_1_10' title="bbox 398 893 1974 974; baseline -0.004 -16"><span class='ocrx_word' id='word_1_50' title='bbox 398 906 678 974; x_wconf 76' lang='grc' dir='ltr'>κτήμασιν</span> <span class='ocrx_word' id='word_1_51' title='bbox 729 902 803 966; x_wconf 84' lang='grc' dir='ltr'>ὡς</span> <span class='ocrx_word' id='word_1_52' title='bbox 865 904 939 972; x_wconf 80' lang='grc' dir='ltr'>μὴ</span> <span class='ocrx_word' id='word_1_53' title='bbox 996 901 1280 972; x_wconf 82' lang='grc' dir='ltr'>χαίροντες</span> <span class='ocrx_word' id='word_1_54' title='bbox 1311 893 1480 953; x_wconf 77' lang='grc' dir='ltr'>ὦσινο</span> <span class='ocrx_word' id='word_1_55' title='bbox 1532 903 1578 953; x_wconf 92' lang='grc' dir='ltr'><strong>οί</strong></span> <span class='ocrx_word' id='word_1_56' title='bbox 1623 900 1861 970; x_wconf 84' lang='grc' dir='ltr'>ἔχοντες,</span> <span class='ocrx_word' id='word_1_57' title='bbox 1896 899 1974 963; x_wconf 88' lang='grc' dir='ltr'>ὡς</span> 
     </span>
    </p>
   </div>
   <div class='ocr_carea' id='block_1_11' title="bbox 402 989 1972 1067">
    <p class='ocr_par' dir='ltr' id='par_1_11' title="bbox 402 989 1972 1067">
     <span class='ocr_line' id='line_1_11' title="bbox 402 989 1972 1067; baseline -0.003 -19"><span class='ocrx_word' id='word_1_58' title='bbox 402 996 477 1067; x_wconf 85' lang='grc' dir='ltr'><strong>μὴ</strong></span> <span class='ocrx_word' id='word_1_59' title='bbox 522 995 878 1065; x_wconf 76' lang='grc' dir='ltr'><strong>κατέχοντες·</strong></span> <span class='ocrx_word' id='word_1_60' title='bbox 920 994 971 1046; x_wconf 78' lang='lat' dir='ltr'><strong>oi</strong></span> <span class='ocrx_word' id='word_1_61' title='bbox 1016 996 1294 1064; x_wconf 83' lang='grc' dir='ltr'>χρώμενοι</span> <span class='ocrx_word' id='word_1_62' title='bbox 1333 993 1411 1064; x_wconf 84' lang='grc' dir='ltr'>τῷ</span> <span class='ocrx_word' id='word_1_63' title='bbox 1440 993 1628 1063; x_wconf 79' lang='grc' dir='ltr'>κόσμῳ</span> <span class='ocrx_word' id='word_1_64' title='bbox 1659 993 1856 1063; x_wconf 82' lang='grc' dir='ltr'>τούτῳ,</span> <span class='ocrx_word' id='word_1_65' title='bbox 1895 989 1972 1054; x_wconf 87' lang='grc' dir='ltr'>ὡς</span> 
     </span>
    </p>
   </div>
   <div class='ocr_carea' id='block_1_12' title="bbox 396 1080 1647 1160">
    <p class='ocr_par' dir='ltr' id='par_1_12' title="bbox 396 1080 1647 1160">
     <span class='ocr_line' id='line_1_12' title="bbox 396 1080 1647 1160; baseline -0.003 -18"><span class='ocrx_word' id='word_1_66' title='bbox 396 1091 472 1160; x_wconf 83' lang='grc' dir='ltr'>μὴ</span> <span class='ocrx_word' id='word_1_67' title='bbox 500 1087 961 1159; x_wconf 65' lang='grc' dir='ltr'>καταχρώμενον</span> <span class='ocrx_word' id='word_1_68' title='bbox 994 1087 1167 1140; x_wconf 83' lang='grc' dir='ltr'>εἴδετε</span> <span class='ocrx_word' id='word_1_69' title='bbox 1209 1080 1298 1140; x_wconf 73' lang='grc' dir='ltr'><strong>οἷα</strong></span> <span class='ocrx_word' id='word_1_70' title='bbox 1326 1086 1607 1139; x_wconf 77' lang='grc' dir='ltr'><strong>ἐπιτάττει</strong></span> <span class='ocrx_word' id='word_1_71' title='bbox 1634 1103 1647 1151; x_wconf 88' lang='lat'><strong>;</strong></span> 
     </span>
    </p>
   </div>
   <div class='ocr_carea' id='block_1_13' title="bbox 463 1215 1975 1288">
    <p class='ocr_par' dir='ltr' id='par_1_13' title="bbox 463 1215 1975 1288">
     <span class='ocr_line' id='line_1_13' title="bbox 463 1215 1975 1288; baseline -0.006 -12"><span class='ocrx_word' id='word_1_72' title='bbox 463 1220 526 1279; x_wconf 87' lang='grc' dir='ltr'>δ’.</span> <span class='ocrx_word' id='word_1_73' title='bbox 561 1221 828 1275; x_wconf 76' lang='grc' dir='ltr'><strong>Βούλεσθε</strong></span> <span class='ocrx_word' id='word_1_74' title='bbox 873 1221 969 1273; x_wconf 81' lang='grc' dir='ltr'><strong>καὶ</strong></span> <span class='ocrx_word' id='word_1_75' title='bbox 994 1219 1184 1288; x_wconf 80' lang='grc' dir='ltr'>ἓτερον</span> <span class='ocrx_word' id='word_1_76' title='bbox 1230 1217 1621 1286; x_wconf 77' lang='grc' dir='ltr'>έπεισάγωμεν</span> <span class='ocrx_word' id='word_1_77' title='bbox 1664 1215 1840 1285; x_wconf 83' lang='grc' dir='ltr'>τούτῳ</span> <span class='ocrx_word' id='word_1_78' title='bbox 1891 1215 1975 1268; x_wconf 89' lang='grc' dir='ltr'>ία-</span> 
     </span>
    </p>
   </div>
   <div class='ocr_carea' id='block_1_14' title="bbox 393 1302 1969 1386">
    <p class='ocr_par' dir='ltr' id='par_1_14' title="bbox 393 1302 1969 1386">
     <span class='ocr_line' id='line_1_14' title="bbox 393 1302 1969 1386; baseline -0.005 -19"><span class='ocrx_word' id='word_1_79' title='bbox 393 1317 522 1386; x_wconf 74' lang='grc' dir='ltr'>τρόν</span> <span class='ocrx_word' id='word_1_80' title='bbox 553 1329 568 1378; x_wconf 90' lang='grc'><strong>;</strong></span> <span class='ocrx_word' id='word_1_81' title='bbox 609 1314 839 1382; x_wconf 79' lang='grc' dir='ltr'><strong>Ἔμοιγε</strong></span> <span class='ocrx_word' id='word_1_82' title='bbox 892 1311 1040 1364; x_wconf 83' lang='grc' dir='ltr'>δοκεῖ</span> <span class='ocrx_word' id='word_1_83' title='bbox 1065 1326 1078 1339; x_wconf 69' lang='grc'><em>³</em></span> <span class='ocrx_word' id='word_1_84' title='bbox 1119 1311 1241 1364; x_wconf 78' lang='grc' dir='ltr'>οὐδὲ</span> <span class='ocrx_word' id='word_1_85' title='bbox 1273 1311 1384 1379; x_wconf 83' lang='grc' dir='ltr'>γάρ</span> <span class='ocrx_word' id='word_1_86' title='bbox 1414 1310 1552 1362; x_wconf 81' lang='grc' dir='ltr'>εἰσιν</span> <span class='ocrx_word' id='word_1_87' title='bbox 1579 1302 1723 1363; x_wconf 74' lang='grc' dir='ltr'>οὗτοι</span> <span class='ocrx_word' id='word_1_88' title='bbox 1773 1307 1969 1376; x_wconf 77' lang='grc' dir='ltr'>ἰατροὶ,</span> 
     </span>
    </p>
   </div>
   <div class='ocr_carea' id='block_1_15' title="bbox 394 1399 1972 1476">
    <p class='ocr_par' dir='ltr' id='par_1_15' title="bbox 394 1399 1972 1476">
     <span class='ocr_line' id='line_1_15' title="bbox 394 1399 1972 1476; baseline -0.007 -15"><span class='ocrx_word' id='word_1_89' title='bbox 394 1410 649 1476; x_wconf 71' lang='grc' dir='ltr'>καθάπερ</span> <span class='ocrx_word' id='word_1_90' title='bbox 679 1407 728 1458; x_wconf 78' lang='lat' dir='ltr'><strong>oi</strong></span> <span class='ocrx_word' id='word_1_91' title='bbox 769 1406 881 1457; x_wconf 84' lang='grc' dir='ltr'><strong>τῶν</strong></span> <span class='ocrx_word' id='word_1_92' title='bbox 917 1408 1218 1473; x_wconf 79' lang='grc' dir='ltr'>σωμάτων,</span> <span class='ocrx_word' id='word_1_93' title='bbox 1260 1403 1310 1456; x_wconf 85' lang='grc' dir='ltr'><strong>οἳ</strong></span> <span class='ocrx_word' id='word_1_94' title='bbox 1346 1402 1605 1465; x_wconf 74' lang='grc' dir='ltr'><strong>πολλάκις</strong></span> <span class='ocrx_word' id='word_1_95' title='bbox 1635 1399 1972 1468; x_wconf 75' lang='grc' dir='ltr'>ἀντιφιλοτι-</span> 
     </span>
    </p>
   </div>
   <div class='ocr_carea' id='block_1_16' title="bbox 397 1492 1967 1571">
    <p class='ocr_par' dir='ltr' id='par_1_16' title="bbox 397 1492 1967 1571">
     <span class='ocr_line' id='line_1_16' title="bbox 397 1492 1967 1571; baseline -0.006 -17"><span class='ocrx_word' id='word_1_96' title='bbox 397 1492 662 1571; x_wconf 76' lang='grc' dir='ltr'>μούμενοι</span> <span class='ocrx_word' id='word_1_97' title='bbox 715 1498 992 1567; x_wconf 84' lang='grc' dir='ltr'>ἀλλήλοις,</span> <span class='ocrx_word' id='word_1_98' title='bbox 1048 1497 1352 1550; x_wconf 78' lang='grc' dir='ltr'>κατέδυσαν</span> <span class='ocrx_word' id='word_1_99' title='bbox 1404 1497 1495 1548; x_wconf 82' lang='grc' dir='ltr'><strong>τὸν</strong></span> <span class='ocrx_word' id='word_1_100' title='bbox 1549 1492 1967 1564; x_wconf 68' lang='grc' dir='ltr'>ἀρρωστοῦντα·</span> 
     </span>
    </p>
   </div>
   <div class='ocr_carea' id='block_1_17' title="bbox 394 1585 1971 1668">
    <p class='ocr_par' dir='ltr' id='par_1_17' title="bbox 394 1585 1971 1668">
     <span class='ocr_line' id='line_1_17' title="bbox 394 1585 1971 1668; baseline -0.008 -21"><span class='ocrx_word' id='word_1_101' title='bbox 394 1593 510 1647; x_wconf 80' lang='grc' dir='ltr'>ἀλλ’</span> <span class='ocrx_word' id='word_1_102' title='bbox 571 1592 671 1661; x_wconf 79' lang='grc' dir='ltr'><strong>οὐχ</strong></span> <span class='ocrx_word' id='word_1_103' title='bbox 720 1587 906 1645; x_wconf 69' lang='grc' dir='ltr'>οὗτοι·</span> <span class='ocrx_word' id='word_1_104' title='bbox 962 1590 1109 1668; x_wconf 31' lang='grc' dir='ltr'>’πρὸς</span> <span class='ocrx_word' id='word_1_105' title='bbox 1161 1592 1272 1659; x_wconf 69' lang='grc' dir='ltr'><strong>γὰρ</strong></span> <span class='ocrx_word' id='word_1_106' title='bbox 1327 1587 1427 1658; x_wconf 80' lang='grc' dir='ltr'>τὴν</span> <span class='ocrx_word' id='word_1_107' title='bbox 1480 1587 1588 1640; x_wconf 85' lang='grc' dir='ltr'><strong>τῶν</strong></span> <span class='ocrx_word' id='word_1_108' title='bbox 1645 1585 1971 1653; x_wconf 68' lang='grc' dir='ltr'>καμνόντων</span> 
     </span>
    </p>
   </div>
   <div class='ocr_carea' id='block_1_18' title="bbox 394 1678 1969 1756">
    <p class='ocr_par' dir='ltr' id='par_1_18' title="bbox 394 1678 1969 1756">
     <span class='ocr_line' id='line_1_18' title="bbox 394 1678 1969 1756; baseline -0.007 -16"><span class='ocrx_word' id='word_1_109' title='bbox 394 1689 627 1756; x_wconf 81' lang='grc' dir='ltr'>ὑγίειαν,</span> <span class='ocrx_word' id='word_1_110' title='bbox 660 1687 722 1738; x_wconf 84' lang='grc' dir='ltr'>οὐ</span> <span class='ocrx_word' id='word_1_111' title='bbox 757 1684 897 1753; x_wconf 68' lang='grc' dir='ltr'>πρὸς</span> <span class='ocrx_word' id='word_1_112' title='bbox 932 1683 1034 1754; x_wconf 84' lang='grc' dir='ltr'>τὴν</span> <span class='ocrx_word' id='word_1_113' title='bbox 1062 1682 1273 1736; x_wconf 79' lang='grc' dir='ltr'><strong>οἰκείαν</strong></span> <span class='ocrx_word' id='word_1_114' title='bbox 1301 1681 1471 1750; x_wconf 80' lang='grc' dir='ltr'>ὁρῶσι</span> <span class='ocrx_word' id='word_1_115' title='bbox 1504 1678 1843 1749; x_wconf 79' lang='grc' dir='ltr'><strong>φιλοτιμίαν.</strong></span> <span class='ocrx_word' id='word_1_116' title='bbox 1875 1678 1969 1746; x_wconf 84' lang='grc' dir='ltr'><strong>Μὴ</strong></span> 
     </span>
    </p>
   </div>
   <div class='ocr_carea' id='block_1_19' title="bbox 390 1766 2040 1845">
    <p class='ocr_par' dir='ltr' id='par_1_19' title="bbox 390 1766 2040 1845">
     <span class='ocr_line' id='line_1_19' title="bbox 390 1766 2040 1845; baseline -0.008 -12"><span class='ocrx_word' id='word_1_117' title='bbox 390 1781 575 1833; x_wconf 79' lang='grc' dir='ltr'>τοίνυν</span> <span class='ocrx_word' id='word_1_118' title='bbox 631 1778 814 1834; x_wconf 79' lang='grc' dir='ltr'>αὐτῶν</span> <span class='ocrx_word' id='word_1_119' title='bbox 855 1776 1124 1845; x_wconf 84' lang='grc' dir='ltr'>δείσωμεν</span> <span class='ocrx_word' id='word_1_120' title='bbox 1175 1775 1238 1827; x_wconf 75' lang='grc' dir='ltr'><strong>το</strong></span> <span class='ocrx_word' id='word_1_121' title='bbox 1271 1773 1512 1843; x_wconf 80' lang='grc' dir='ltr'>πλῆθος·</span> <span class='ocrx_word' id='word_1_122' title='bbox 1551 1766 1633 1835; x_wconf 80' lang='grc' dir='ltr'>εἷς</span> <span class='ocrx_word' id='word_1_123' title='bbox 1685 1774 1744 1823; x_wconf 85' lang='grc' dir='ltr'><strong>έν</strong></span> <span class='ocrx_word' id='word_1_124' title='bbox 1795 1771 1970 1824; x_wconf 86' lang='grc' dir='ltr'>ἆπασι</span> <span class='ocrx_word' id='word_1_125' title='bbox 1999 1787 2040 1844; x_wconf 72' lang='grc' dir='ltr'><strong>η</strong></span> 
     </span>
    </p>
   </div>
   <div class='ocr_carea' id='block_1_20' title="bbox 392 1860 1970 1939">
    <p class='ocr_par' dir='ltr' id='par_1_20' title="bbox 392 1860 1970 1939">
     <span class='ocr_line' id='line_1_20' title="bbox 392 1860 1970 1939; baseline -0.007 -15"><span class='ocrx_word' id='word_1_126' title='bbox 392 1872 694 1939; x_wconf 78' lang='grc' dir='ltr'><strong>φθέγγεται</strong></span> <span class='ocrx_word' id='word_1_127' title='bbox 746 1868 1077 1930; x_wconf 80' lang='grc' dir='ltr'>διδάσκαλος</span> <span class='ocrx_word' id='word_1_128' title='bbox 1121 1868 1149 1920; x_wconf 98' lang='lat'><strong>6</strong></span> <span class='ocrx_word' id='word_1_129' title='bbox 1214 1866 1488 1934; x_wconf 76' lang='grc' dir='ltr'>Χριστόςο</span> <span class='ocrx_word' id='word_1_130' title='bbox 1547 1863 1747 1931; x_wconf 72' lang='grc' dir='ltr'>ἴδωμεν</span> <span class='ocrx_word' id='word_1_131' title='bbox 1798 1860 1970 1915; x_wconf 67' lang='grc' dir='ltr'>εἰσελ-</span> 
     </span>
    </p>
   </div>
   <div class='ocr_carea' id='block_1_21' title="bbox 392 1955 1969 2030">
    <p class='ocr_par' dir='ltr' id='par_1_21' title="bbox 392 1955 1969 2030">
     <span class='ocr_line' id='line_1_21' title="bbox 392 1955 1969 2030; baseline -0.007 -13"><span class='ocrx_word' id='word_1_132' title='bbox 392 1964 554 2017; x_wconf 69' lang='grc' dir='ltr'>θόντα</span> <span class='ocrx_word' id='word_1_133' title='bbox 582 1961 743 2014; x_wconf 76' lang='grc' dir='ltr'>πάλιν</span> <span class='ocrx_word' id='word_1_134' title='bbox 770 1960 984 2030; x_wconf 73' lang='grc' dir='ltr'>ἕτερον,</span> <span class='ocrx_word' id='word_1_135' title='bbox 1016 1961 1112 2012; x_wconf 62' lang='grc' dir='ltr'><strong>καὶ⁵</strong></span> <span class='ocrx_word' id='word_1_136' title='bbox 1138 1956 1353 2029; x_wconf 81' lang='grc' dir='ltr'>χαλεπὰ</span> <span class='ocrx_word' id='word_1_137' title='bbox 1379 1956 1612 2023; x_wconf 85' lang='grc' dir='ltr'>λέγοντα</span> <span class='ocrx_word' id='word_1_138' title='bbox 1646 1956 1779 2025; x_wconf 72' lang='grc' dir='ltr'>περὶ</span> <span class='ocrx_word' id='word_1_139' title='bbox 1806 1955 1969 2024; x_wconf 76' lang='grc' dir='ltr'>νοσή-</span> 
     </span>
    </p>
   </div>
   <div class='ocr_carea' id='block_1_22' title="bbox 395 2046 1970 2123">
    <p class='ocr_par' dir='ltr' id='par_1_22' title="bbox 395 2046 1970 2123">
     <span class='ocr_line' id='line_1_22' title="bbox 395 2046 1970 2123; baseline -0.006 -15"><span class='ocrx_word' id='word_1_140' title='bbox 395 2072 563 2123; x_wconf 85' lang='grc' dir='ltr'>ματος</span> <span class='ocrx_word' id='word_1_141' title='bbox 587 2053 803 2114; x_wconf 83' lang='grc' dir='ltr'>τούτου,</span> <span class='ocrx_word' id='word_1_142' title='bbox 832 2052 932 2123; x_wconf 82' lang='grc' dir='ltr'>τὴν</span> <span class='ocrx_word' id='word_1_143' title='bbox 975 2050 1071 2105; x_wconf 89' lang='grc' dir='ltr'><strong>τοῦ</strong></span> <span class='ocrx_word' id='word_1_144' title='bbox 1100 2049 1341 2121; x_wconf 84' lang='grc' dir='ltr'>Χριστοῦ</span> <span class='ocrx_word' id='word_1_145' title='bbox 1388 2049 1783 2119; x_wconf 75' lang='grc' dir='ltr'><strong>συγγράφοντα</strong></span> <span class='ocrx_word' id='word_1_146' title='bbox 1823 2046 1970 2100; x_wconf 86' lang='grc' dir='ltr'>διδα-</span> 
     </span>
    </p>
   </div>
   <div class='ocr_carea' id='block_1_23' title="bbox 393 2139 1969 2218">
    <p class='ocr_par' dir='ltr' id='par_1_23' title="bbox 393 2139 1969 2218">
     <span class='ocr_line' id='line_1_23' title="bbox 393 2139 1969 2218; baseline -0.006 -19"><span class='ocrx_word' id='word_1_147' title='bbox 393 2147 514 2218; x_wconf 78' lang='grc' dir='ltr'>χὴν,</span> <span class='ocrx_word' id='word_1_148' title='bbox 546 2145 862 2211; x_wconf 76' lang='grc' dir='ltr'>διεξιόντος,</span> <span class='ocrx_word' id='word_1_149' title='bbox 898 2145 972 2197; x_wconf 76' lang='grc' dir='ltr'>Οὐ</span> <span class='ocrx_word' id='word_1_150' title='bbox 1000 2141 1235 2196; x_wconf 81' lang='grc' dir='ltr'>δύνασθε</span> <span class='ocrx_word' id='word_1_151' title='bbox 1274 2139 1395 2211; x_wconf 84' lang='grc' dir='ltr'><strong>Θεῷ</strong></span> <span class='ocrx_word' id='word_1_152' title='bbox 1427 2139 1707 2193; x_wconf 84' lang='grc' dir='ltr'>δουλεύειν</span> <span class='ocrx_word' id='word_1_153' title='bbox 1734 2142 1830 2191; x_wconf 73' lang='grc' dir='ltr'><strong>καὶ</strong></span> <span class='ocrx_word' id='word_1_154' title='bbox 1863 2154 1969 2207; x_wconf 89' lang='grc' dir='ltr'>μα-</span> 
     </span>
    </p>
   </div>
   <div class='ocr_carea' id='block_1_24' title="bbox 393 2230 1968 2312">
    <p class='ocr_par' dir='ltr' id='par_1_24' title="bbox 393 2230 1968 2312">
     <span class='ocr_line' id='line_1_24' title="bbox 393 2230 1968 2312; baseline -0.009 -17"><span class='ocrx_word' id='word_1_155' title='bbox 393 2241 569 2312; x_wconf 79' lang='grc' dir='ltr'>μωνᾷ.</span> <span class='ocrx_word' id='word_1_156' title='bbox 600 2240 732 2302; x_wconf 73' lang='grc' dir='ltr'>Ναὶ,</span> <span class='ocrx_word' id='word_1_157' title='bbox 783 2236 938 2307; x_wconf 67' lang='grc' dir='ltr'>φησι,</span> <span class='ocrx_word' id='word_1_158' title='bbox 982 2236 1079 2290; x_wconf 68' lang='grc' dir='ltr'><strong>καὶ</strong></span> <span class='ocrx_word' id='word_1_159' title='bbox 1124 2235 1241 2296; x_wconf 85' lang='grc' dir='ltr'>πῶς</span> <span class='ocrx_word' id='word_1_160' title='bbox 1271 2234 1450 2287; x_wconf 89' lang='grc' dir='ltr'>ταῦτα</span> <span class='ocrx_word' id='word_1_161' title='bbox 1499 2233 1686 2298; x_wconf 63' lang='lat' dir='ltr'><strong>ierat;</strong></span> <span class='ocrx_word' id='word_1_162' title='bbox 1720 2230 1839 2294; x_wconf 85' lang='grc' dir='ltr'>πῶς</span> <span class='ocrx_word' id='word_1_163' title='bbox 1868 2230 1968 2297; x_wconf 78' lang='grc' dir='ltr'>τῆς</span> 
     </span>
    </p>
   </div>
   <div class='ocr_carea' id='block_1_25' title="bbox 392 2323 1968 2401">
    <p class='ocr_par' dir='ltr' id='par_1_25' title="bbox 392 2323 1968 2401">
     <span class='ocr_line' id='line_1_25' title="bbox 392 2323 1968 2401; baseline -0.008 -15"><span class='ocrx_word' id='word_1_164' title='bbox 392 2332 689 2401; x_wconf 79' lang='grc' dir='ltr'>ἐπιθυμίας</span> <span class='ocrx_word' id='word_1_165' title='bbox 751 2328 1126 2396; x_wconf 72' lang='grc' dir='ltr'>παυσόμεθα;</span> <span class='ocrx_word' id='word_1_166' title='bbox 1173 2327 1459 2381; x_wconf 75' lang='grc' dir='ltr'>Ἐντεῦθεν</span> <span class='ocrx_word' id='word_1_167' title='bbox 1511 2326 1604 2380; x_wconf 71' lang='grc' dir='ltr'>καὶ</span> <span class='ocrx_word' id='word_1_168' title='bbox 1649 2324 1810 2379; x_wconf 87' lang='grc' dir='ltr'>τοῦτο</span> <span class='ocrx_word' id='word_1_169' title='bbox 1852 2323 1968 2376; x_wconf 78' lang='grc' dir='ltr'>ἔστι</span> 
     </span>
    </p>
   </div>
   <div class='ocr_carea' id='block_1_26' title="bbox 395 2417 1969 2494">
    <p class='ocr_par' dir='ltr' id='par_1_26' title="bbox 395 2417 1969 2494">
     <span class='ocr_line' id='line_1_26' title="bbox 395 2417 1969 2494; baseline -0.007 -17"><span class='ocrx_word' id='word_1_170' title='bbox 395 2424 588 2494; x_wconf 80' lang='grc' dir='ltr'>μαθεῖν</span> <span class='ocrx_word' id='word_1_171' title='bbox 612 2440 625 2454; x_wconf 90' lang='grc'>·</span> <span class='ocrx_word' id='word_1_172' title='bbox 664 2422 758 2475; x_wconf 75' lang='grc' dir='ltr'><strong>καὶ</strong></span> <span class='ocrx_word' id='word_1_173' title='bbox 788 2421 904 2483; x_wconf 83' lang='grc' dir='ltr'>πῶς</span> <span class='ocrx_word' id='word_1_174' title='bbox 952 2419 1256 2489; x_wconf 81' lang='grc' dir='ltr'>εἰσόμεθα;</span> <span class='ocrx_word' id='word_1_175' title='bbox 1297 2419 1649 2488; x_wconf 77' lang='grc' dir='ltr'>Ἀκούσωμεν</span> <span class='ocrx_word' id='word_1_176' title='bbox 1670 2418 1839 2472; x_wconf 85' lang='grc' dir='ltr'>αὐτοῦ</span> <span class='ocrx_word' id='word_1_177' title='bbox 1876 2417 1969 2468; x_wconf 75' lang='grc' dir='ltr'>καὶ</span> 
     </span>
    </p>
   </div>
   <div class='ocr_carea' id='block_1_27' title="bbox 392 2507 1970 2583">
    <p class='ocr_par' dir='ltr' id='par_1_27' title="bbox 392 2507 1970 2583">
     <span class='ocr_line' id='line_1_27' title="bbox 392 2507 1970 2583; baseline -0.006 -15"><span class='ocrx_word' id='word_1_178' title='bbox 392 2517 552 2569; x_wconf 76' lang='grc' dir='ltr'>τοῦτο</span> <span class='ocrx_word' id='word_1_179' title='bbox 605 2514 887 2582; x_wconf 70' lang='grc' dir='ltr'>λέγοντος*</span> <span class='ocrx_word' id='word_1_180' title='bbox 922 2513 1015 2583; x_wconf 83' lang='grc' dir='ltr'><strong>Μὴ</strong></span> <span class='ocrx_word' id='word_1_181' title='bbox 1071 2512 1438 2581; x_wconf 82' lang='grc' dir='ltr'>Θησαυρίζετε</span> <span class='ocrx_word' id='word_1_182' title='bbox 1489 2511 1618 2579; x_wconf 83' lang='grc' dir='ltr'>ὑμῖν</span> <span class='ocrx_word' id='word_1_183' title='bbox 1655 2507 1970 2578; x_wconf 77' lang='grc' dir='ltr'>Θησαυροὺς</span> 
     </span>
    </p>
   </div>
   <div class='ocr_carea' id='block_1_28' title="bbox 392 2602 1970 2681">
    <p class='ocr_par' dir='ltr' id='par_1_28' title="bbox 392 2602 1970 2681">
     <span class='ocr_line' id='line_1_28' title="bbox 392 2602 1970 2681; baseline -0.006 -17"><span class='ocrx_word' id='word_1_184' title='bbox 392 2612 486 2665; x_wconf 75' lang='grc' dir='ltr'><strong>ἐπὶ</strong></span> <span class='ocrx_word' id='word_1_185' title='bbox 537 2612 639 2681; x_wconf 81' lang='grc' dir='ltr'><strong>τῆς</strong></span> <span class='ocrx_word' id='word_1_186' title='bbox 672 2609 798 2678; x_wconf 78' lang='grc' dir='ltr'>γῆς,</span> <span class='ocrx_word' id='word_1_187' title='bbox 843 2609 979 2663; x_wconf 84' lang='grc' dir='ltr'>ὅπου</span> <span class='ocrx_word' id='word_1_188' title='bbox 1031 2606 1129 2678; x_wconf 79' lang='grc' dir='ltr'><strong>σὴς</strong></span> <span class='ocrx_word' id='word_1_189' title='bbox 1177 2607 1271 2660; x_wconf 78' lang='grc' dir='ltr'><strong>καὶ</strong></span> <span class='ocrx_word' id='word_1_190' title='bbox 1306 2605 1508 2676; x_wconf 84' lang='grc' dir='ltr'>βρῶσις</span> <span class='ocrx_word' id='word_1_191' title='bbox 1560 2604 1835 2669; x_wconf 72' lang='grc' dir='ltr'>ἀφανίζει,</span> <span class='ocrx_word' id='word_1_192' title='bbox 1876 2602 1970 2655; x_wconf 72' lang='grc' dir='ltr'><strong>καὶ</strong></span> 
     </span>
    </p>
   </div>
   <div class='ocr_carea' id='block_1_29' title="bbox 392 2697 1968 2775">
    <p class='ocr_par' dir='ltr' id='par_1_29' title="bbox 392 2697 1968 2775">
     <span class='ocr_line' id='line_1_29' title="bbox 392 2697 1968 2775; baseline -0.006 -15"><span class='ocrx_word' id='word_1_193' title='bbox 392 2708 527 2761; x_wconf 76' lang='grc' dir='ltr'>ὅπου</span> <span class='ocrx_word' id='word_1_194' title='bbox 563 2707 797 2759; x_wconf 79' lang='grc' dir='ltr'>κλέπται</span> <span class='ocrx_word' id='word_1_195' title='bbox 846 2703 1195 2775; x_wconf 87' lang='grc' dir='ltr'>διορύσσουσι</span> <span class='ocrx_word' id='word_1_196' title='bbox 1243 2703 1338 2755; x_wconf 83' lang='grc' dir='ltr'><strong>καὶ</strong></span> <span class='ocrx_word' id='word_1_197' title='bbox 1392 2701 1751 2754; x_wconf 83' lang='grc' dir='ltr'>κλέπτουσιν.</span> <span class='ocrx_word' id='word_1_198' title='bbox 1782 2697 1968 2752; x_wconf 77' lang='grc' dir='ltr'>Εῖδετε</span> 
     </span>
    </p>
   </div>
   <div class='ocr_carea' id='block_1_30' title="bbox 393 2789 1969 2864">
    <p class='ocr_par' dir='ltr' id='par_1_30' title="bbox 393 2789 1969 2864">
     <span class='ocr_line' id='line_1_30' title="bbox 393 2789 1969 2864; baseline -0.006 -15"><span class='ocrx_word' id='word_1_199' title='bbox 393 2799 511 2861; x_wconf 78' lang='grc' dir='ltr'><strong>πῶς</strong></span> <span class='ocrx_word' id='word_1_200' title='bbox 542 2799 651 2864; x_wconf 73' lang='grc' dir='ltr'>ἀπο</span> <span class='ocrx_word' id='word_1_201' title='bbox 681 2796 778 2850; x_wconf 89' lang='grc' dir='ltr'><strong>τοῦ</strong></span> <span class='ocrx_word' id='word_1_202' title='bbox 807 2796 999 2861; x_wconf 90' lang='grc' dir='ltr'>τόπου,</span> <span class='ocrx_word' id='word_1_203' title='bbox 1039 2793 1148 2847; x_wconf 72' lang='grc' dir='ltr'><strong>ἀπὸ</strong></span> <span class='ocrx_word' id='word_1_204' title='bbox 1173 2793 1281 2846; x_wconf 84' lang='grc' dir='ltr'><strong>τῶν</strong></span> <span class='ocrx_word' id='word_1_205' title='bbox 1315 2793 1733 2860; x_wconf 76' lang='grc' dir='ltr'>λυμαινομένων</span> <span class='ocrx_word' id='word_1_206' title='bbox 1762 2789 1969 2857; x_wconf 82' lang='grc' dir='ltr'>ἀπάγει</span> 
     </span>
    </p>
   </div>
   <div class='ocr_carea' id='block_1_31' title="bbox 389 2882 1972 2959">
    <p class='ocr_par' dir='ltr' id='par_1_31' title="bbox 389 2882 1972 2959">
     <span class='ocr_line' id='line_1_31' title="bbox 389 2882 1972 2959; baseline -0.006 -15"><span class='ocrx_word' id='word_1_207' title='bbox 389 2891 492 2958; x_wconf 79' lang='grc' dir='ltr'><strong>τῆς</strong></span> <span class='ocrx_word' id='word_1_208' title='bbox 531 2890 827 2959; x_wconf 77' lang='grc' dir='ltr'>ἐπιθυμίας</span> <span class='ocrx_word' id='word_1_209' title='bbox 862 2888 1066 2956; x_wconf 78' lang='grc' dir='ltr'>ταύτης</span> <span class='ocrx_word' id='word_1_210' title='bbox 1106 2886 1203 2952; x_wconf 85' lang='grc' dir='ltr'>τῆς</span> <span class='ocrx_word' id='word_1_211' title='bbox 1254 2883 1510 2950; x_wconf 78' lang='grc' dir='ltr'>ἐνταῦθα,</span> <span class='ocrx_word' id='word_1_212' title='bbox 1557 2883 1654 2936; x_wconf 71' lang='grc' dir='ltr'>καὶ</span> <span class='ocrx_word' id='word_1_213' title='bbox 1702 2882 1972 2953; x_wconf 80' lang='grc' dir='ltr'>προσηλοῖ</span> 
     </span>
    </p>
   </div>
   <div class='ocr_carea' id='block_1_32' title="bbox 390 2974 1970 3053">
    <p class='ocr_par' dir='ltr' id='par_1_32' title="bbox 390 2974 1970 3053">
     <span class='ocr_line' id='line_1_32' title="bbox 390 2974 1970 3053; baseline -0.006 -19"><span class='ocrx_word' id='word_1_214' title='bbox 390 2983 470 3053; x_wconf 82' lang='grc' dir='ltr'>τῷ</span> <span class='ocrx_word' id='word_1_215' title='bbox 514 2981 753 3052; x_wconf 70' lang='grc' dir='ltr'>οὐρανῷ,</span> <span class='ocrx_word' id='word_1_216' title='bbox 803 2982 942 3034; x_wconf 79' lang='grc' dir='ltr'>ὅπου</span> <span class='ocrx_word' id='word_1_217' title='bbox 971 2979 1148 3031; x_wconf 82' lang='grc' dir='ltr'>πάντα</span> <span class='ocrx_word' id='word_1_218' title='bbox 1194 2977 1483 3040; x_wconf 75' lang='grc' dir='ltr'>ἁνάλωτας</span> <span class='ocrx_word' id='word_1_219' title='bbox 1525 2974 1627 3027; x_wconf 81' lang='grc' dir='ltr'>Ἂν</span> <span class='ocrx_word' id='word_1_220' title='bbox 1656 2976 1768 3041; x_wconf 81' lang='grc' dir='ltr'>γὰρ</span> <span class='ocrx_word' id='word_1_221' title='bbox 1802 2989 1970 3043; x_wconf 85' lang='grc' dir='ltr'>μετα-</span> 
     </span>
    </p>
   </div>
   <div class='ocr_carea' id='block_1_33' title="bbox 391 3059 1967 3143">
    <p class='ocr_par' dir='ltr' id='par_1_33' title="bbox 391 3059 1967 3143">
     <span class='ocr_line' id='line_1_33' title="bbox 391 3059 1967 3143; baseline -0.009 -17"><span class='ocrx_word' id='word_1_222' title='bbox 391 3072 522 3143; x_wconf 70' lang='grc' dir='ltr'>θῆτε</span> <span class='ocrx_word' id='word_1_223' title='bbox 564 3072 657 3124; x_wconf 77' lang='grc' dir='ltr'><strong>τὸν</strong></span> <span class='ocrx_word' id='word_1_224' title='bbox 708 3068 945 3122; x_wconf 84' lang='grc' dir='ltr'>πλοῦτον</span> <span class='ocrx_word' id='word_1_225' title='bbox 976 3068 1112 3131; x_wconf 73' lang='grc' dir='ltr'>ἐκεῖ,</span> <span class='ocrx_word' id='word_1_226' title='bbox 1154 3065 1344 3134; x_wconf 75' lang='grc' dir='ltr'>φησὶν,</span> <span class='ocrx_word' id='word_1_227' title='bbox 1394 3064 1528 3117; x_wconf 80' lang='grc' dir='ltr'>ὅπου</span> <span class='ocrx_word' id='word_1_228' title='bbox 1560 3061 1685 3116; x_wconf 76' lang='grc' dir='ltr'>οὔτε</span> <span class='ocrx_word' id='word_1_229' title='bbox 1717 3062 1814 3131; x_wconf 84' lang='grc' dir='ltr'>σὴς</span> <span class='ocrx_word' id='word_1_230' title='bbox 1844 3059 1967 3113; x_wconf 75' lang='grc' dir='ltr'>οὔτε</span> 
     </span>
    </p>
   </div>
   <div class='ocr_carea' id='block_1_34' title="bbox 393 3154 1970 3236">
    <p class='ocr_par' dir='ltr' id='par_1_34' title="bbox 393 3154 1970 3236">
     <span class='ocr_line' id='line_1_34' title="bbox 393 3154 1970 3236; baseline -0.008 -17"><span class='ocrx_word' id='word_1_231' title='bbox 393 3164 599 3236; x_wconf 76' lang='grc' dir='ltr'>βρῶσις</span> <span class='ocrx_word' id='word_1_232' title='bbox 659 3161 940 3233; x_wconf 80' lang='grc' dir='ltr'>ἀφανίζει,</span> <span class='ocrx_word' id='word_1_233' title='bbox 996 3158 1121 3213; x_wconf 72' lang='grc' dir='ltr'>οὔτε</span> <span class='ocrx_word' id='word_1_234' title='bbox 1182 3159 1417 3212; x_wconf 80' lang='grc' dir='ltr'>κλέπται</span> <span class='ocrx_word' id='word_1_235' title='bbox 1471 3155 1820 3227; x_wconf 74' lang='grc' dir='ltr'>διορύσσουσι</span> <span class='ocrx_word' id='word_1_236' title='bbox 1871 3154 1970 3207; x_wconf 72' lang='grc' dir='ltr'>καὶ</span> 
     </span>
    </p>
   </div>
   <div class='ocr_carea' id='block_1_35' title="bbox 394 3247 1962 3323">
    <p class='ocr_par' dir='ltr' id='par_1_35' title="bbox 394 3247 1962 3323">
     <span class='ocr_line' id='line_1_35' title="bbox 394 3247 1962 3323; baseline -0.008 -11"><span class='ocrx_word' id='word_1_237' title='bbox 394 3258 711 3323; x_wconf 74' lang='grc' dir='ltr'>κλέπτουσι,</span> <span class='ocrx_word' id='word_1_238' title='bbox 758 3256 854 3309; x_wconf 70' lang='grc' dir='ltr'>καὶ</span> <span class='ocrx_word' id='word_1_239' title='bbox 884 3249 1507 3323; x_wconf 75' lang='grc' dir='ltr'>ταύτηνὰποκρούεσθι</span> <span class='ocrx_word' id='word_1_240' title='bbox 1539 3248 1641 3318; x_wconf 80' lang='grc' dir='ltr'>τὴν</span> <span class='ocrx_word' id='word_1_241' title='bbox 1664 3247 1840 3315; x_wconf 82' lang='grc' dir='ltr'>νόσον,</span> <span class='ocrx_word' id='word_1_242' title='bbox 1872 3248 1962 3301; x_wconf 64' lang='grc' dir='ltr'>καῖ</span> 
     </span>
    </p>
   </div>
   <div class='ocr_carea' id='block_1_36' title="bbox 391 3342 1751 3422">
    <p class='ocr_par' dir='ltr' id='par_1_36' title="bbox 391 3342 1751 3422">
     <span class='ocr_line' id='line_1_36' title="bbox 391 3342 1751 3422; baseline -0.005 -18"><span class='ocrx_word' id='word_1_243' title='bbox 391 3350 494 3422; x_wconf 77' lang='grc' dir='ltr'>τὴν</span> <span class='ocrx_word' id='word_1_244' title='bbox 528 3348 708 3421; x_wconf 71' lang='grc' dir='ltr'>ψυχὴν</span> <span class='ocrx_word' id='word_1_245' title='bbox 740 3350 798 3402; x_wconf 80' lang='grc' dir='ltr'>ὲν</span> <span class='ocrx_word' id='word_1_246' title='bbox 827 3345 1066 3419; x_wconf 74' lang='grc' dir='ltr'>μεγίστῃ</span> <span class='ocrx_word' id='word_1_247' title='bbox 1093 3345 1470 3414; x_wconf 75' lang='grc' dir='ltr'>καταστήσετε</span> <span class='ocrx_word' id='word_1_248' title='bbox 1494 3342 1751 3413; x_wconf 75' lang='grc' dir='ltr'>εὐπορίᾳ.</span> 
     </span>
    </p>
   </div>
   <div class='ocr_carea' id='block_1_37' title="bbox 462 3477 1968 3556">
    <p class='ocr_par' dir='ltr' id='par_1_37' title="bbox 462 3477 1968 3556">
     <span class='ocr_line' id='line_1_37' title="bbox 462 3477 1968 3556; baseline -0.005 -17"><span class='ocrx_word' id='word_1_249' title='bbox 462 3488 525 3541; x_wconf 85' lang='grc' dir='ltr'>ε’.</span> <span class='ocrx_word' id='word_1_250' title='bbox 558 3485 715 3540; x_wconf 82' lang='grc' dir='ltr'>Μετὰ</span> <span class='ocrx_word' id='word_1_251' title='bbox 741 3486 798 3539; x_wconf 79' lang='grc' dir='ltr'>δὲ</span> <span class='ocrx_word' id='word_1_252' title='bbox 830 3484 942 3539; x_wconf 85' lang='grc' dir='ltr'>τῶν</span> <span class='ocrx_word' id='word_1_253' title='bbox 966 3484 1272 3556; x_wconf 85' lang='grc' dir='ltr'>είρημένων</span> <span class='ocrx_word' id='word_1_254' title='bbox 1304 3482 1657 3552; x_wconf 68' lang='grc' dir='ltr'>παράδειγμα</span> <span class='ocrx_word' id='word_1_255' title='bbox 1691 3480 1770 3542; x_wconf 86' lang='grc' dir='ltr'><strong>είς</strong></span> <span class='ocrx_word' id='word_1_256' title='bbox 1800 3477 1968 3550; x_wconf 85' lang='grc' dir='ltr'>μέσον</span> 
     </span>
    </p>
   </div>
   <div class='ocr_carea' id='block_1_38' title="bbox 390 3568 1970 3645">
    <p class='ocr_par' dir='ltr' id='par_1_38' title="bbox 390 3568 1970 3645">
     <span class='ocr_line' id='line_1_38' title="bbox 390 3568 1970 3645; baseline -0.005 -14"><span class='ocrx_word' id='word_1_257' title='bbox 390 3579 540 3645; x_wconf 80' lang='grc' dir='ltr'>ἄγει,</span> <span class='ocrx_word' id='word_1_258' title='bbox 573 3576 662 3629; x_wconf 82' lang='grc' dir='ltr'><strong>διὰ</strong></span> <span class='ocrx_word' id='word_1_259' title='bbox 698 3573 889 3627; x_wconf 81' lang='grc' dir='ltr'>τούτου</span> <span class='ocrx_word' id='word_1_260' title='bbox 939 3573 1295 3643; x_wconf 73' lang='grc' dir='ltr'>σωφρονίζων</span> <span class='ocrx_word' id='word_1_261' title='bbox 1338 3572 1487 3642; x_wconf 80' lang='grc' dir='ltr'>ἡμᾶς</span> <span class='ocrx_word' id='word_1_262' title='bbox 1513 3584 1528 3599; x_wconf 79' lang='grc'><strong><em>⁸</em></strong></span> <span class='ocrx_word' id='word_1_263' title='bbox 1562 3568 1815 3639; x_wconf 75' lang='grc' dir='ltr'>καθάπερ</span> <span class='ocrx_word' id='word_1_264' title='bbox 1858 3570 1970 3638; x_wconf 82' lang='grc' dir='ltr'><strong>γὰρ</strong></span> 
     </span>
    </p>
   </div>
   <div class='ocr_carea' id='block_1_39' title="bbox 391 3663 1970 3739">
    <p class='ocr_par' dir='ltr' id='par_1_39' title="bbox 391 3663 1970 3739">
     <span class='ocr_line' id='line_1_39' title="bbox 391 3663 1970 3739; baseline -0.005 -16"><span class='ocrx_word' id='word_1_265' title='bbox 391 3674 420 3724; x_wconf 86' lang='lat'><strong>6</strong></span> <span class='ocrx_word' id='word_1_266' title='bbox 452 3668 639 3739; x_wconf 73' lang='grc' dir='ltr'>ἰατρὸς</span> <span class='ocrx_word' id='word_1_267' title='bbox 692 3666 876 3737; x_wconf 75' lang='grc' dir='ltr'>φοϐῶν</span> <span class='ocrx_word' id='word_1_268' title='bbox 905 3667 998 3718; x_wconf 70' lang='grc' dir='ltr'>τὸν</span> <span class='ocrx_word' id='word_1_269' title='bbox 1045 3665 1354 3736; x_wconf 69' lang='grc' dir='ltr'>ἄρρωστον,</span> <span class='ocrx_word' id='word_1_270' title='bbox 1400 3664 1591 3732; x_wconf 72' lang='grc' dir='ltr'>φησὶν,</span> <span class='ocrx_word' id='word_1_271' title='bbox 1638 3663 1722 3716; x_wconf 80' lang='grc' dir='ltr'>ὅτι</span> <span class='ocrx_word' id='word_1_272' title='bbox 1759 3664 1787 3714; x_wconf 89' lang='lat'><strong>6</strong></span> <span class='ocrx_word' id='word_1_273' title='bbox 1820 3663 1970 3717; x_wconf 85' lang='grc' dir='ltr'>δεῖνα</span> 
     </span>
    </p>
   </div>
   <div class='ocr_carea' id='block_1_40' title="bbox 391 3755 1971 3834">
    <p class='ocr_par' dir='ltr' id='par_1_40' title="bbox 391 3755 1971 3834">
     <span class='ocr_line' id='line_1_40' title="bbox 391 3755 1971 3834; baseline -0.002 -21"><span class='ocrx_word' id='word_1_274' title='bbox 391 3760 586 3834; x_wconf 79' lang='grc' dir='ltr'>ψυχρῷ</span> <span class='ocrx_word' id='word_1_275' title='bbox 638 3762 984 3831; x_wconf 75' lang='grc' dir='ltr'>χρησάμενος</span> <span class='ocrx_word' id='word_1_276' title='bbox 1037 3759 1307 3820; x_wconf 81' lang='grc' dir='ltr'>ἀπώλετο,</span> <span class='ocrx_word' id='word_1_277' title='bbox 1344 3755 1486 3810; x_wconf 76' lang='grc' dir='ltr'>οὕτω</span> <span class='ocrx_word' id='word_1_278' title='bbox 1515 3756 1611 3810; x_wconf 69' lang='grc' dir='ltr'><strong>καὶ</strong></span> <span class='ocrx_word' id='word_1_279' title='bbox 1645 3755 1811 3817; x_wconf 76' lang='grc' dir='ltr'>αὐτὸς</span> <span class='ocrx_word' id='word_1_280' title='bbox 1856 3756 1971 3810; x_wconf 75' lang='lat' dir='ltr'><strong>eia-</strong></span> 
     </span>
    </p>
   </div>
   <div class='ocr_carea' id='block_1_41' title="bbox 398 3849 1971 3923">
    <p class='ocr_par' dir='ltr' id='par_1_41' title="bbox 398 3849 1971 3923">
     <span class='ocr_line' id='line_1_41' title="bbox 398 3849 1971 3923; baseline -0.004 -13"><span class='ocrx_word' id='word_1_281' title='bbox 398 3860 521 3923; x_wconf 86' lang='grc' dir='ltr'>ἁγει</span> <span class='ocrx_word' id='word_1_282' title='bbox 596 3858 687 3908; x_wconf 62' lang='grc' dir='ltr'><strong>τον</strong></span> <span class='ocrx_word' id='word_1_283' title='bbox 754 3854 1010 3907; x_wconf 77' lang='grc' dir='ltr'>πλούσιον</span> <span class='ocrx_word' id='word_1_284' title='bbox 1077 3851 1357 3923; x_wconf 83' lang='grc' dir='ltr'>κάμνοντα</span> <span class='ocrx_word' id='word_1_285' title='bbox 1430 3852 1525 3904; x_wconf 77' lang='grc' dir='ltr'><strong>καὶ</strong></span> <span class='ocrx_word' id='word_1_286' title='bbox 1589 3849 1971 3918; x_wconf 75' lang='grc' dir='ltr'>ἐπιθυμοῦντα</span> 
     </span>
    </p>
   </div>
   <div class='ocr_carea' id='block_1_42' title="bbox 393 3941 1971 4016">
    <p class='ocr_par' dir='ltr' id='par_1_42' title="bbox 393 3941 1971 4016">
     <span class='ocr_line' id='line_1_42' title="bbox 393 3941 1971 4016; baseline -0.002 -17"><span class='ocrx_word' id='word_1_287' title='bbox 393 3947 538 4016; x_wconf 78' lang='grc' dir='ltr'>ζωῆς</span> <span class='ocrx_word' id='word_1_288' title='bbox 598 3945 694 3999; x_wconf 78' lang='grc' dir='ltr'><strong>καὶ</strong></span> <span class='ocrx_word' id='word_1_289' title='bbox 736 3945 949 4013; x_wconf 76' lang='grc' dir='ltr'>ὑγείας,</span> <span class='ocrx_word' id='word_1_290' title='bbox 1005 3945 1066 3996; x_wconf 84' lang='grc' dir='ltr'>οὐ</span> <span class='ocrx_word' id='word_1_291' title='bbox 1111 3944 1415 4012; x_wconf 78' lang='grc' dir='ltr'>δυνάμενον</span> <span class='ocrx_word' id='word_1_292' title='bbox 1463 3942 1522 3998; x_wconf 76' lang='grc' dir='ltr'>δὲ</span> <span class='ocrx_word' id='word_1_293' title='bbox 1554 3943 1837 4014; x_wconf 73' lang='grc' dir='ltr'>ἐπιτυχεῖν</span> <span class='ocrx_word' id='word_1_294' title='bbox 1881 3941 1971 3996; x_wconf 83' lang='grc' dir='ltr'>διὰ</span> 
     </span>
    </p>
   </div>
   <div class='ocr_carea' id='block_1_43' title="bbox 392 4030 1970 4105">
    <p class='ocr_par' dir='ltr' id='par_1_43' title="bbox 392 4030 1970 4105">
     <span class='ocr_line' id='line_1_43' title="bbox 392 4030 1970 4105; baseline -0.004 -14"><span class='ocrx_word' id='word_1_295' title='bbox 392 4042 454 4091; x_wconf 79' lang='grc' dir='ltr'><strong>τὸ</strong></span> <span class='ocrx_word' id='word_1_296' title='bbox 510 4038 822 4104; x_wconf 73' lang='grc' dir='ltr'>πλεονεξίας</span> <span class='ocrx_word' id='word_1_297' title='bbox 854 4036 1126 4105; x_wconf 76' lang='grc' dir='ltr'>ἐφίεσθαι,</span> <span class='ocrx_word' id='word_1_298' title='bbox 1185 4034 1299 4088; x_wconf 83' lang='grc' dir='ltr'>ἀλλ’</span> <span class='ocrx_word' id='word_1_299' title='bbox 1356 4035 1588 4089; x_wconf 79' lang='grc' dir='ltr'>ἀπιόντα</span> <span class='ocrx_word' id='word_1_300' title='bbox 1634 4032 1834 4105; x_wconf 86' lang='grc' dir='ltr'>κρούον</span> <span class='ocrx_word' id='word_1_301' title='bbox 1862 4049 1877 4063; x_wconf 80' lang='grc'><em>’</em></span> <span class='ocrx_word' id='word_1_302' title='bbox 1907 4030 1970 4084; x_wconf 82' lang='grc' dir='ltr'>ὃν</span> 
     </span>
    </p>
   </div>
   <div class='ocr_carea' id='block_1_44' title="bbox 394 4125 1971 4203">
    <p class='ocr_par' dir='ltr' id='par_1_44' title="bbox 394 4125 1971 4203">
     <span class='ocr_line' id='line_1_44' title="bbox 394 4125 1971 4203; baseline -0.005 -16"><span class='ocrx_word' id='word_1_303' title='bbox 394 4134 458 4203; x_wconf 88' lang='grc' dir='ltr'>δή</span> <span class='ocrx_word' id='word_1_304' title='bbox 487 4148 590 4185; x_wconf 91' lang='grc' dir='ltr'><strong>που</strong></span> <span class='ocrx_word' id='word_1_305' title='bbox 635 4134 836 4202; x_wconf 78' lang='grc' dir='ltr'>τρόπον</span> <span class='ocrx_word' id='word_1_306' title='bbox 871 4132 964 4183; x_wconf 76' lang='grc' dir='ltr'>καὶ</span> <span class='ocrx_word' id='word_1_307' title='bbox 993 4130 1183 4198; x_wconf 65' lang='grc' dir='ltr'>ἕτερον</span> <span class='ocrx_word' id='word_1_308' title='bbox 1222 4129 1499 4182; x_wconf 82' lang='grc' dir='ltr'>δείκνυσιν</span> <span class='ocrx_word' id='word_1_309' title='bbox 1530 4129 1664 4199; x_wconf 78' lang='grc' dir='ltr'>ἡμῖν</span> <span class='ocrx_word' id='word_1_310' title='bbox 1694 4128 1793 4181; x_wconf 75' lang='grc' dir='ltr'><strong>σὺν</strong></span> <span class='ocrx_word' id='word_1_311' title='bbox 1819 4125 1971 4194; x_wconf 76' lang='grc' dir='ltr'>αὐτῷ</span> 
     </span>
    </p>
   </div>
   <div class='ocr_carea' id='block_1_45' title="bbox 395 4218 1971 4290">
    <p class='ocr_par' dir='ltr' id='par_1_45' title="bbox 395 4218 1971 4290">
     <span class='ocr_line' id='line_1_45' title="bbox 395 4218 1971 4290; baseline -0.005 -13"><span class='ocrx_word' id='word_1_312' title='bbox 395 4223 683 4288; x_wconf 80' lang='grc' dir='ltr'>πλούσιον,</span> <span class='ocrx_word' id='word_1_313' title='bbox 736 4222 896 4285; x_wconf 78' lang='grc' dir='ltr'>ἄλλος</span> <span class='ocrx_word' id='word_1_314' title='bbox 963 4220 1360 4289; x_wconf 79' lang='grc' dir='ltr'>εὐαγγελιστὴς</span> <span class='ocrx_word' id='word_1_315' title='bbox 1424 4220 1516 4275; x_wconf 76' lang='grc' dir='ltr'><strong>τὸν</strong></span> <span class='ocrx_word' id='word_1_316' title='bbox 1564 4218 1971 4290; x_wconf 74' lang='grc' dir='ltr'>ἁποτηγανιξό-</span> 
     </span>
    </p>
   </div>
   <div class='ocr_carea' id='block_1_46' title="bbox 397 4309 1974 4385">
    <p class='ocr_par' dir='ltr' id='par_1_46' title="bbox 397 4309 1974 4385">
     <span class='ocr_line' id='line_1_46' title="bbox 397 4309 1974 4385; baseline -0.003 -16"><span class='ocrx_word' id='word_1_317' title='bbox 397 4333 582 4385; x_wconf 84' lang='grc' dir='ltr'>μενον,</span> <span class='ocrx_word' id='word_1_318' title='bbox 637 4316 731 4367; x_wconf 61' lang='grc' dir='ltr'><strong>καὶ¹</strong></span> <span class='ocrx_word' id='word_1_319' title='bbox 788 4313 910 4366; x_wconf 79' lang='grc' dir='ltr'>οὐδὲ</span> <span class='ocrx_word' id='word_1_320' title='bbox 957 4312 1220 4381; x_wconf 80' lang='grc' dir='ltr'>σταγόνος</span> <span class='ocrx_word' id='word_1_321' title='bbox 1260 4312 1395 4367; x_wconf 73' lang='grc' dir='ltr'>ὄντα</span> <span class='ocrx_word' id='word_1_322' title='bbox 1432 4311 1644 4372; x_wconf 75' lang='grc' dir='ltr'>κύριον.</span> <span class='ocrx_word' id='word_1_323' title='bbox 1685 4309 1819 4364; x_wconf 76' lang='grc' dir='ltr'>Εἶτα</span> <span class='ocrx_word' id='word_1_324' title='bbox 1866 4313 1974 4365; x_wconf 85' lang='grc' dir='ltr'>δει-</span> 
     </span>
    </p>
   </div>
   <div class='ocr_carea' id='block_1_47' title="bbox 396 4402 1971 4474">
    <p class='ocr_par' dir='ltr' id='par_1_47' title="bbox 396 4402 1971 4474">
     <span class='ocr_line' id='line_1_47' title="bbox 396 4402 1971 4474; baseline -0.01 -13"><span class='ocrx_word' id='word_1_325' title='bbox 396 4410 577 4463; x_wconf 72' lang='grc' dir='ltr'>κνύων</span> <span class='ocrx_word' id='word_1_326' title='bbox 609 4408 692 4459; x_wconf 84' lang='grc' dir='ltr'>ὃτι</span> <span class='ocrx_word' id='word_1_327' title='bbox 731 4404 931 4458; x_wconf 75' lang='grc' dir='ltr'>εὔκολα</span> <span class='ocrx_word' id='word_1_328' title='bbox 960 4404 1029 4456; x_wconf 72' lang='grc' dir='ltr'>τὰ</span> <span class='ocrx_word' id='word_1_329' title='bbox 1070 4403 1440 4473; x_wconf 76' lang='grc' dir='ltr'>ἐπιτάγματα,</span> <span class='ocrx_word' id='word_1_330' title='bbox 1489 4402 1692 4474; x_wconf 79' lang='grc' dir='ltr'>φησίνο</span> <span class='ocrx_word' id='word_1_331' title='bbox 1740 4403 1971 4473; x_wconf 77' lang='grc' dir='ltr'>Ἑμδλέ-</span> 
     </span>
    </p>
   </div>
   <div class='ocr_carea' id='block_1_48' title="bbox 2078 528 3649 600">
    <p class='ocr_par' dir='ltr' id='par_1_48' title="bbox 2078 528 3649 600">
     <span class='ocr_line' id='line_1_48' title="bbox 2078 528 3649 600; baseline 0.001 -19"><span class='ocrx_word' id='word_1_332' title='bbox 2078 530 2277 582; x_wconf 87' lang='lat' dir='ltr'><strong>sentiat.</strong></span> <span class='ocrx_word' id='word_1_333' title='bbox 2305 528 2544 597; x_wconf 79' lang='lat' dir='ltr'><strong>:tbjicerc</strong></span> <span class='ocrx_word' id='word_1_334' title='bbox 2580 529 2786 596; x_wconf 85' lang='lat' dir='ltr'><strong>optima</strong></span> <span class='ocrx_word' id='word_1_335' title='bbox 2819 543 3065 600; x_wconf 70' lang='lat' dir='ltr'><strong>quasque,</strong></span> <span class='ocrx_word' id='word_1_336' title='bbox 3099 529 3230 583; x_wconf 86' lang='lat' dir='ltr'><strong>dicit</strong></span> <span class='ocrx_word' id='word_1_337' title='bbox 3254 539 3309 582; x_wconf 88' lang='lat' dir='ltr'><strong>et</strong></span> <span class='ocrx_word' id='word_1_338' title='bbox 3347 530 3420 583; x_wconf 86' lang='lat' dir='ltr'><strong>ita</strong></span> <span class='ocrx_word' id='word_1_339' title='bbox 3480 530 3649 584; x_wconf 83' lang='lat' dir='ltr'><strong>debili</strong></span> 
     </span>
    </p>
   </div>
   <div class='ocr_carea' id='block_1_49' title="bbox 2078 620 3659 690">
    <p class='ocr_par' dir='ltr' id='par_1_49' title="bbox 2078 620 3659 690">
     <span class='ocr_line' id='line_1_49' title="bbox 2078 620 3659 690; baseline 0.001 -17"><span class='ocrx_word' id='word_1_340' title='bbox 2078 620 2239 673; x_wconf 87' lang='lat' dir='ltr'><strong>etiam</strong></span> <span class='ocrx_word' id='word_1_341' title='bbox 2313 623 2584 687; x_wconf 75' lang='lat' dir='ltr'><strong>quanto-lo</strong></span> <span class='ocrx_word' id='word_1_342' title='bbox 2643 620 2726 675; x_wconf 91' lang='lat' dir='ltr'><strong>his</strong></span> <span class='ocrx_word' id='word_1_343' title='bbox 2797 631 3050 690; x_wconf 72' lang='lat' dir='ltr'><strong>oporteat</strong></span> <span class='ocrx_word' id='word_1_344' title='bbox 3120 620 3246 684; x_wconf 92' lang='lat' dir='ltr'><strong>uti,</strong></span> <span class='ocrx_word' id='word_1_345' title='bbox 3304 627 3361 672; x_wconf 89' lang='lat' dir='ltr'><strong>ut</strong></span> <span class='ocrx_word' id='word_1_346' title='bbox 3418 621 3659 674; x_wconf 59' lang='lat' dir='ltr'><strong>fruentes</strong></span> 
     </span>
    </p>
   </div>
   <div class='ocr_carea' id='block_1_50' title="bbox 2078 707 3655 780">
    <p class='ocr_par' dir='ltr' id='par_1_50' title="bbox 2078 707 3655 780">
     <span class='ocr_line' id='line_1_50' title="bbox 2078 707 3655 780; baseline 0.001 -19"><span class='ocrx_word' id='word_1_347' title='bbox 2078 707 2235 761; x_wconf 70' lang='lat' dir='ltr'><strong>bouis</strong></span> <span class='ocrx_word' id='word_1_348' title='bbox 2268 709 2424 774; x_wconf 71' lang='grc' dir='ltr'><strong>αωιεὶ</strong></span> <span class='ocrx_word' id='word_1_349' title='bbox 2455 725 2561 762; x_wconf 84' lang='lat' dir='ltr'><strong>non</strong></span> <span class='ocrx_word' id='word_1_350' title='bbox 2602 707 2874 775; x_wconf 74' lang='lat' dir='ltr'><strong>fruantur,</strong></span> <span class='ocrx_word' id='word_1_351' title='bbox 2908 720 2966 764; x_wconf 84' lang='lat' dir='ltr'><strong>ct</strong></span> <span class='ocrx_word' id='word_1_352' title='bbox 2994 710 3260 765; x_wconf 84' lang='lat' dir='ltr'><strong>habentes</strong></span> <span class='ocrx_word' id='word_1_353' title='bbox 3314 714 3469 780; x_wconf 88' lang='lat' dir='ltr'><strong>quasi</strong></span> <span class='ocrx_word' id='word_1_354' title='bbox 3548 725 3655 763; x_wconf 85' lang='lat' dir='ltr'><strong>nou</strong></span> 
     </span>
    </p>
   </div>
   <div class='ocr_carea' id='block_1_51' title="bbox 2079 788 3655 873">
    <p class='ocr_par' dir='ltr' id='par_1_51' title="bbox 2079 788 3655 873">
     <span class='ocr_line' id='line_1_51' title="bbox 2079 788 3655 873; baseline 0.004 -22"><span class='ocrx_word' id='word_1_355' title='bbox 2079 799 2232 852; x_wconf 86' lang='lat' dir='ltr'><strong>habe</strong></span> <span class='ocrx_word' id='word_1_356' title='bbox 2262 810 2341 852; x_wconf 86' lang='lat' dir='ltr'><strong>tes</strong></span> <span class='ocrx_word' id='word_1_357' title='bbox 2371 816 2390 851; x_wconf 89' lang='lat'><em>:</em></span> <span class='ocrx_word' id='word_1_358' title='bbox 2419 788 2471 853; x_wconf 73' lang='lat' dir='ltr'><strong>tit</strong></span> <span class='ocrx_word' id='word_1_359' title='bbox 2503 801 2604 853; x_wconf 87' lang='lat' dir='ltr'><strong>huc</strong></span> <span class='ocrx_word' id='word_1_360' title='bbox 2627 811 2841 855; x_wconf 56' lang='lat' dir='ltr'><strong>utentes</strong></span> <span class='ocrx_word' id='word_1_361' title='bbox 2870 804 3069 857; x_wconf 87' lang='lat' dir='ltr'><strong>mundo</strong></span> <span class='ocrx_word' id='word_1_362' title='bbox 3092 804 3246 873; x_wconf 88' lang='lat' dir='ltr'><strong>qttasi</strong></span> <span class='ocrx_word' id='word_1_363' title='bbox 3286 817 3390 856; x_wconf 90' lang='lat' dir='ltr'><strong>u0n</strong></span> <span class='ocrx_word' id='word_1_364' title='bbox 3415 814 3655 857; x_wconf 86' lang='lat' dir='ltr'><strong>utentes:</strong></span> 
     </span>
    </p>
   </div>
   <div class='ocr_carea' id='block_1_52' title="bbox 2076 890 2815 962">
    <p class='ocr_par' dir='ltr' id='par_1_52' title="bbox 2076 890 2815 962">
     <span class='ocr_line' id='line_1_52' title="bbox 2076 890 2815 962; baseline 0.005 -19"><span class='ocrx_word' id='word_1_365' title='bbox 2076 890 2341 946; x_wconf 76' lang='lat' dir='ltr'><strong>videtisne</strong></span> <span class='ocrx_word' id='word_1_366' title='bbox 2366 892 2542 961; x_wconf 83' lang='lat' dir='ltr'><strong>qualia</strong></span> <span class='ocrx_word' id='word_1_367' title='bbox 2579 892 2815 962; x_wconf 72' lang='lat' dir='ltr'><strong>iubeat?</strong></span> 
     </span>
    </p>
   </div>
   <div class='ocr_carea' id='block_1_53' title="bbox 2145 1200 3661 1261">
    <p class='ocr_par' dir='ltr' id='par_1_53' title="bbox 2145 1200 3661 1261">
     <span class='ocr_line' id='line_1_53' title="bbox 2145 1200 3661 1261; baseline 0.003 -6"><span class='ocrx_word' id='word_1_368' title='bbox 2145 1201 2202 1255; x_wconf 72' lang='grc'>4.</span> <span class='ocrx_word' id='word_1_369' title='bbox 2266 1200 2512 1256; x_wconf 79' lang='lat' dir='ltr'><strong>VultiSue</strong></span> <span class='ocrx_word' id='word_1_370' title='bbox 2566 1203 2733 1256; x_wconf 88' lang='lat' dir='ltr'><strong>alium</strong></span> <span class='ocrx_word' id='word_1_371' title='bbox 2814 1203 2898 1258; x_wconf 89' lang='lat' dir='ltr'><strong>isti</strong></span> <span class='ocrx_word' id='word_1_372' title='bbox 2960 1205 3286 1261; x_wconf 79' lang='lat' dir='ltr'><strong>inducamus</strong></span> <span class='ocrx_word' id='word_1_373' title='bbox 3350 1206 3661 1260; x_wconf 87' lang='lat' dir='ltr'><strong>medicum?</strong></span> 
     </span>
    </p>
   </div>
   <div class='ocr_carea' id='block_1_54' title="bbox 2085 1291 3658 1369">
    <p class='ocr_par' dir='ltr' id='par_1_54' title="bbox 2085 1291 3658 1369">
     <span class='ocr_line' id='line_1_54' title="bbox 2085 1291 3658 1369; baseline 0.002 -23"><span class='ocrx_word' id='word_1_374' title='bbox 2085 1291 2164 1348; x_wconf 86' lang='lat' dir='ltr'><strong>ita</strong></span> <span class='ocrx_word' id='word_1_375' title='bbox 2186 1294 2320 1348; x_wconf 89' lang='lat' dir='ltr'><strong>mihi</strong></span> <span class='ocrx_word' id='word_1_376' title='bbox 2357 1294 2590 1350; x_wconf 83' lang='lat' dir='ltr'><strong>videtur.</strong></span> <span class='ocrx_word' id='word_1_377' title='bbox 2628 1296 2749 1352; x_wconf 77' lang='lat' dir='ltr'><strong>Non</strong></span> <span class='ocrx_word' id='word_1_378' title='bbox 2777 1300 2920 1350; x_wconf 88' lang='lat' dir='ltr'><strong>enim</strong></span> <span class='ocrx_word' id='word_1_379' title='bbox 2953 1311 3077 1352; x_wconf 91' lang='lat' dir='ltr'><strong>sunt</strong></span> <span class='ocrx_word' id='word_1_380' title='bbox 3132 1299 3223 1352; x_wconf 72' lang='lat' dir='ltr'><strong>isti</strong></span> <span class='ocrx_word' id='word_1_381' title='bbox 3276 1310 3334 1353; x_wconf 83' lang='lat' dir='ltr'><strong>ttt</strong></span> <span class='ocrx_word' id='word_1_382' title='bbox 3368 1314 3658 1369; x_wconf 75' lang='lat' dir='ltr'><strong>corporum</strong></span> 
     </span>
    </p>
   </div>
   <div class='ocr_carea' id='block_1_55' title="bbox 2076 1388 3653 1458">
    <p class='ocr_par' dir='ltr' id='par_1_55' title="bbox 2076 1388 3653 1458">
     <span class='ocr_line' id='line_1_55' title="bbox 2076 1388 3653 1458; baseline 0.002 -17"><span class='ocrx_word' id='word_1_383' title='bbox 2076 1388 2292 1453; x_wconf 86' lang='lat' dir='ltr'><strong>medici,</strong></span> <span class='ocrx_word' id='word_1_384' title='bbox 2325 1388 2416 1457; x_wconf 88' lang='lat' dir='ltr'><strong>qui</strong></span> <span class='ocrx_word' id='word_1_385' title='bbox 2449 1403 2592 1458; x_wconf 72' lang='grc' dir='ltr'>εει-ρο</span> <span class='ocrx_word' id='word_1_386' title='bbox 2613 1391 2937 1447; x_wconf 70' lang='grc' dir='ltr'>ιειιιιιιοιιιοε</span> <span class='ocrx_word' id='word_1_387' title='bbox 2964 1391 3198 1445; x_wconf 87' lang='lat' dir='ltr'><strong>invicem</strong></span> <span class='ocrx_word' id='word_1_388' title='bbox 3235 1394 3653 1447; x_wconf 77' lang='lat' dir='ltr'><strong>Submerseruat</strong></span> 
     </span>
    </p>
   </div>
   <div class='ocr_carea' id='block_1_56' title="bbox 2077 1480 3661 1540">
    <p class='ocr_par' dir='ltr' id='par_1_56' title="bbox 2077 1480 3661 1540">
     <span class='ocr_line' id='line_1_56' title="bbox 2077 1480 3661 1540; baseline 0.001 -6"><span class='ocrx_word' id='word_1_389' title='bbox 2077 1481 2381 1535; x_wconf 82' lang='lat' dir='ltr'><strong>inﬁrmum.</strong></span> <span class='ocrx_word' id='word_1_390' title='bbox 2407 1480 2513 1536; x_wconf 91' lang='lat' dir='ltr'><strong>Sed</strong></span> <span class='ocrx_word' id='word_1_391' title='bbox 2539 1497 2648 1537; x_wconf 86' lang='lat' dir='ltr'><strong>non</strong></span> <span class='ocrx_word' id='word_1_392' title='bbox 2684 1482 2773 1536; x_wconf 86' lang='lat' dir='ltr'><strong>isti</strong></span> <span class='ocrx_word' id='word_1_393' title='bbox 2802 1499 2816 1535; x_wconf 92' lang='lat'><strong>:</strong></span> <span class='ocrx_word' id='word_1_394' title='bbox 2883 1483 2950 1536; x_wconf 87' lang='lat' dir='ltr'><strong>ad</strong></span> <span class='ocrx_word' id='word_1_395' title='bbox 2988 1483 3351 1539; x_wconf 79' lang='lat' dir='ltr'><strong>laborantium</strong></span> <span class='ocrx_word' id='word_1_396' title='bbox 3385 1486 3530 1540; x_wconf 87' lang='lat' dir='ltr'><strong>enim</strong></span> <span class='ocrx_word' id='word_1_397' title='bbox 3580 1500 3661 1537; x_wconf 84' lang='lat' dir='ltr'><strong>sa-</strong></span> 
     </span>
    </p>
   </div>
   <div class='ocr_carea' id='block_1_57' title="bbox 2075 1574 3661 1643">
    <p class='ocr_par' dir='ltr' id='par_1_57' title="bbox 2075 1574 3661 1643">
     <span class='ocr_line' id='line_1_57' title="bbox 2075 1574 3661 1643; baseline 0.002 -17"><span class='ocrx_word' id='word_1_398' title='bbox 2075 1574 2297 1627; x_wconf 76' lang='lat' dir='ltr'><strong>nitatem</strong></span> <span class='ocrx_word' id='word_1_399' title='bbox 2327 1588 2433 1627; x_wconf 89' lang='lat' dir='ltr'><strong>non</strong></span> <span class='ocrx_word' id='word_1_400' title='bbox 2462 1576 2528 1627; x_wconf 88' lang='lat' dir='ltr'><strong>ad</strong></span> <span class='ocrx_word' id='word_1_401' title='bbox 2561 1575 2846 1643; x_wconf 86' lang='lat' dir='ltr'><strong>proprium</strong></span> <span class='ocrx_word' id='word_1_402' title='bbox 2892 1575 3163 1630; x_wconf 81' lang='lat' dir='ltr'><strong>honorem</strong></span> <span class='ocrx_word' id='word_1_403' title='bbox 3226 1577 3537 1631; x_wconf 88' lang='lat' dir='ltr'><strong>attendunt.</strong></span> <span class='ocrx_word' id='word_1_404' title='bbox 3584 1574 3661 1629; x_wconf 80' lang='lat' dir='ltr'><strong>Ne</strong></span> 
     </span>
    </p>
   </div>
   <div class='ocr_carea' id='block_1_58' title="bbox 2077 1663 3658 1732">
    <p class='ocr_par' dir='ltr' id='par_1_58' title="bbox 2077 1663 3658 1732">
     <span class='ocr_line' id='line_1_58' title="bbox 2077 1663 3658 1732; baseline 0.001 -17"><span class='ocrx_word' id='word_1_405' title='bbox 2077 1664 2241 1732; x_wconf 77' lang='lat' dir='ltr'><strong>igitur</strong></span> <span class='ocrx_word' id='word_1_406' title='bbox 2295 1663 2492 1718; x_wconf 87' lang='lat' dir='ltr'><strong>borum</strong></span> <span class='ocrx_word' id='word_1_407' title='bbox 2558 1666 2846 1721; x_wconf 81' lang='lat' dir='ltr'><strong>timeamus</strong></span> <span class='ocrx_word' id='word_1_408' title='bbox 2883 1667 3316 1721; x_wconf 84' lang='lat' dir='ltr'><strong>multitudinem.</strong></span> <span class='ocrx_word' id='word_1_409' title='bbox 3385 1666 3535 1721; x_wconf 85' lang='lat' dir='ltr'><strong>Unus</strong></span> <span class='ocrx_word' id='word_1_410' title='bbox 3604 1665 3658 1717; x_wconf 90' lang='lat' dir='ltr'><strong>in</strong></span> 
     </span>
    </p>
   </div>
   <div class='ocr_carea' id='block_1_59' title="bbox 2076 1756 3660 1826">
    <p class='ocr_par' dir='ltr' id='par_1_59' title="bbox 2076 1756 3660 1826">
     <span class='ocr_line' id='line_1_59' title="bbox 2076 1756 3660 1826; baseline 0.001 -19"><span class='ocrx_word' id='word_1_411' title='bbox 2076 1756 2328 1810; x_wconf 89' lang='lat' dir='ltr'><strong>omnibus</strong></span> <span class='ocrx_word' id='word_1_412' title='bbox 2359 1757 2598 1825; x_wconf 87' lang='lat' dir='ltr'><strong>loquitur</strong></span> <span class='ocrx_word' id='word_1_413' title='bbox 2630 1758 2890 1826; x_wconf 79' lang='lat' dir='ltr'><strong>magister</strong></span> <span class='ocrx_word' id='word_1_414' title='bbox 2924 1758 3202 1811; x_wconf 82' lang='lat' dir='ltr'><strong>Christus.</strong></span> <span class='ocrx_word' id='word_1_415' title='bbox 3239 1758 3529 1813; x_wconf 86' lang='lat' dir='ltr'><strong>Videamus</strong></span> <span class='ocrx_word' id='word_1_416' title='bbox 3575 1757 3660 1809; x_wconf 46' lang='lat' dir='ltr'><strong>in.-</strong></span> 
     </span>
    </p>
   </div>
   <div class='ocr_carea' id='block_1_60' title="bbox 2071 1848 3658 1917">
    <p class='ocr_par' dir='ltr' id='par_1_60' title="bbox 2071 1848 3658 1917">
     <span class='ocr_line' id='line_1_60' title="bbox 2071 1848 3658 1917; baseline 0.003 -19"><span class='ocrx_word' id='word_1_417' title='bbox 2071 1848 2408 1917; x_wconf 75' lang='lat' dir='ltr'><strong>gredicntem</strong></span> <span class='ocrx_word' id='word_1_418' title='bbox 2438 1850 2628 1914; x_wconf 88' lang='lat' dir='ltr'><strong>alium,</strong></span> <span class='ocrx_word' id='word_1_419' title='bbox 2655 1859 2709 1903; x_wconf 87' lang='lat' dir='ltr'><strong>et</strong></span> <span class='ocrx_word' id='word_1_420' title='bbox 2739 1849 2948 1917; x_wconf 76' lang='lat' dir='ltr'><strong>ingrata</strong></span> <span class='ocrx_word' id='word_1_421' title='bbox 2985 1850 3290 1915; x_wconf 88' lang='lat' dir='ltr'><strong>dicentem,</strong></span> <span class='ocrx_word' id='word_1_422' title='bbox 3348 1849 3415 1903; x_wconf 88' lang='lat' dir='ltr'><strong>de</strong></span> <span class='ocrx_word' id='word_1_423' title='bbox 3464 1848 3658 1902; x_wconf 85' lang='lat' dir='ltr'><strong>morbo</strong></span> 
     </span>
    </p>
   </div>
   <div class='ocr_carea' id='block_1_61' title="bbox 2071 1942 3657 2015">
    <p class='ocr_par' dir='ltr' id='par_1_61' title="bbox 2071 1942 3657 2015">
     <span class='ocr_line' id='line_1_61' title="bbox 2071 1942 3657 2015; baseline -0.001 -16"><span class='ocrx_word' id='word_1_424' title='bbox 2071 1945 2181 1999; x_wconf 77' lang='lat' dir='ltr'><strong>iS!0</strong></span> <span class='ocrx_word' id='word_1_425' title='bbox 2235 1942 2443 1999; x_wconf 78' lang='lat' dir='ltr'><strong>Christi</strong></span> <span class='ocrx_word' id='word_1_426' title='bbox 2495 1946 2869 2015; x_wconf 72' lang='lat' dir='ltr'><strong>assignantem</strong></span> <span class='ocrx_word' id='word_1_427' title='bbox 2929 1945 3234 1999; x_wconf 79' lang='lat' dir='ltr'><strong>doctrinam</strong></span> <span class='ocrx_word' id='word_1_428' title='bbox 3293 1944 3657 2010; x_wconf 78' lang='lat' dir='ltr'><strong>disserentis;</strong></span> 
     </span>
    </p>
   </div>
   <div class='ocr_carea' id='block_1_62' title="bbox 2069 2033 3660 2103">
    <p class='ocr_par' dir='ltr' id='par_1_62' title="bbox 2069 2033 3660 2103">
     <span class='ocr_line' id='line_1_62' title="bbox 2069 2033 3660 2103; baseline -0.001 -14"><span class='ocrx_word' id='word_1_429' title='bbox 2069 2033 2242 2090; x_wconf 86' lang='lat' dir='ltr'><strong>Nemo</strong></span> <span class='ocrx_word' id='word_1_430' title='bbox 2279 2044 2455 2103; x_wconf 86' lang='lat' dir='ltr'><strong>potest</strong></span> <span class='ocrx_word' id='word_1_431' title='bbox 2484 2036 2592 2091; x_wconf 91' lang='lat' dir='ltr'><strong>Deo</strong></span> <span class='ocrx_word' id='word_1_432' title='bbox 2621 2037 2828 2090; x_wconf 83' lang='lat' dir='ltr'><strong>servire</strong></span> <span class='ocrx_word' id='word_1_433' title='bbox 2860 2045 2915 2089; x_wconf 88' lang='lat' dir='ltr'><strong>et</strong></span> <span class='ocrx_word' id='word_1_434' title='bbox 2958 2051 3302 2090; x_wconf 80' lang='lat' dir='ltr'><strong>mammome.</strong></span> <span class='ocrx_word' id='word_1_435' title='bbox 3338 2034 3512 2089; x_wconf 84' lang='lat' dir='ltr'><strong>Etiam</strong></span> <span class='ocrx_word' id='word_1_436' title='bbox 3573 2035 3660 2088; x_wconf 75' lang='lat' dir='ltr'><strong>in-</strong></span> 
     </span>
    </p>
   </div>
   <div class='ocr_carea' id='block_1_63' title="bbox 2072 2126 3656 2198">
    <p class='ocr_par' dir='ltr' id='par_1_63' title="bbox 2072 2126 3656 2198">
     <span class='ocr_line' id='line_1_63' title="bbox 2072 2126 3656 2198; baseline 0.001 -16"><span class='ocrx_word' id='word_1_437' title='bbox 2072 2130 2193 2198; x_wconf 89' lang='lat' dir='ltr'><strong>quit</strong></span> <span class='ocrx_word' id='word_1_438' title='bbox 2222 2138 2276 2183; x_wconf 91' lang='lat' dir='ltr'><strong>et</strong></span> <span class='ocrx_word' id='word_1_439' title='bbox 2306 2128 2578 2197; x_wconf 91' lang='lat' dir='ltr'><strong>quomodo</strong></span> <span class='ocrx_word' id='word_1_440' title='bbox 2601 2127 2700 2183; x_wconf 82' lang='lat' dir='ltr'><strong>ista</strong></span> <span class='ocrx_word' id='word_1_441' title='bbox 2719 2128 2883 2183; x_wconf 79' lang='lat' dir='ltr'><strong>fient?</strong></span> <span class='ocrx_word' id='word_1_442' title='bbox 2907 2126 3184 2194; x_wconf 74' lang='lat' dir='ltr'><strong>Quomodo</strong></span> <span class='ocrx_word' id='word_1_443' title='bbox 3211 2130 3481 2198; x_wconf 75' lang='lat' dir='ltr'><strong>cupiditas</strong></span> <span class='ocrx_word' id='word_1_444' title='bbox 3527 2143 3656 2183; x_wconf 77' lang='lat' dir='ltr'><strong>nus-</strong></span> 
     </span>
    </p>
   </div>
   <div class='ocr_carea' id='block_1_64' title="bbox 2074 2218 3656 2290">
    <p class='ocr_par' dir='ltr' id='par_1_64' title="bbox 2074 2218 3656 2290">
     <span class='ocr_line' id='line_1_64' title="bbox 2074 2218 3656 2290; baseline -0.004 -14"><span class='ocrx_word' id='word_1_445' title='bbox 2074 2231 2155 2276; x_wconf 86' lang='lat' dir='ltr'><strong>tra</strong></span> <span class='ocrx_word' id='word_1_446' title='bbox 2180 2221 2457 2276; x_wconf 81' lang='lat' dir='ltr'><strong>cessabit?</strong></span> <span class='ocrx_word' id='word_1_447' title='bbox 2479 2218 2618 2276; x_wconf 80' lang='lat' dir='ltr'><strong>iiinc</strong></span> <span class='ocrx_word' id='word_1_448' title='bbox 2653 2236 2875 2290; x_wconf 86' lang='lat' dir='ltr'><strong>quoque</strong></span> <span class='ocrx_word' id='word_1_449' title='bbox 2912 2221 3042 2273; x_wconf 92' lang='lat' dir='ltr'><strong>illud</strong></span> <span class='ocrx_word' id='word_1_450' title='bbox 3091 2223 3318 2289; x_wconf 76' lang='lat' dir='ltr'><strong>potestis</strong></span> <span class='ocrx_word' id='word_1_451' title='bbox 3352 2222 3656 2284; x_wconf 69' lang='lat' dir='ltr'><strong>addiscere,</strong></span> 
     </span>
    </p>
   </div>
   <div class='ocr_carea' id='block_1_65' title="bbox 2071 2311 3659 2382">
    <p class='ocr_par' dir='ltr' id='par_1_65' title="bbox 2071 2311 3659 2382">
     <span class='ocr_line' id='line_1_65' title="bbox 2071 2311 3659 2382; baseline -0.001 -16"><span class='ocrx_word' id='word_1_452' title='bbox 2071 2320 2125 2366; x_wconf 84' lang='lat' dir='ltr'><strong>et</strong></span> <span class='ocrx_word' id='word_1_453' title='bbox 2145 2315 2417 2382; x_wconf 86' lang='lat' dir='ltr'><strong>quomodo</strong></span> <span class='ocrx_word' id='word_1_454' title='bbox 2440 2313 2718 2368; x_wconf 83' lang='lat' dir='ltr'><strong>sciemus?</strong></span> <span class='ocrx_word' id='word_1_455' title='bbox 2743 2311 3048 2367; x_wconf 82' lang='lat' dir='ltr'><strong>Audiamus</strong></span> <span class='ocrx_word' id='word_1_456' title='bbox 3071 2313 3251 2382; x_wconf 87' lang='lat' dir='ltr'><strong>ipsum</strong></span> <span class='ocrx_word' id='word_1_457' title='bbox 3290 2313 3393 2368; x_wconf 88' lang='lat' dir='ltr'><strong>hoc</strong></span> <span class='ocrx_word' id='word_1_458' title='bbox 3440 2328 3659 2382; x_wconf 84' lang='lat' dir='ltr'><strong>quoque</strong></span> 
     </span>
    </p>
   </div>
   <div class='ocr_carea' id='block_1_66' title="bbox 2071 2401 3654 2470">
    <p class='ocr_par' dir='ltr' id='par_1_66' title="bbox 2071 2401 3654 2470">
     <span class='ocr_line' id='line_1_66' title="bbox 2071 2401 3654 2470; baseline 0.001 -16"><span class='ocrx_word' id='word_1_459' title='bbox 2071 2402 2360 2459; x_wconf 85' lang='lat' dir='ltr'><strong>dicentem.</strong></span> <span class='ocrx_word' id='word_1_460' title='bbox 2388 2401 2504 2457; x_wconf 87' lang='lat' dir='ltr'><strong>Non</strong></span> <span class='ocrx_word' id='word_1_461' title='bbox 2522 2403 2886 2458; x_wconf 87' lang='lat' dir='ltr'><strong>tbesaurizate</strong></span> <span class='ocrx_word' id='word_1_462' title='bbox 2908 2405 3062 2460; x_wconf 79' lang='lat' dir='ltr'><strong>vobis</strong></span> <span class='ocrx_word' id='word_1_463' title='bbox 3084 2405 3369 2459; x_wconf 76' lang='lat' dir='ltr'><strong>thesauros</strong></span> <span class='ocrx_word' id='word_1_464' title='bbox 3394 2404 3445 2456; x_wconf 90' lang='lat' dir='ltr'><strong>in</strong></span> <span class='ocrx_word' id='word_1_465' title='bbox 3480 2415 3654 2470; x_wconf 62' lang='lat' dir='ltr'><strong>terra,</strong></span> 
     </span>
    </p>
   </div>
   <div class='ocr_carea' id='block_1_67' title="bbox 2072 2495 3660 2562">
    <p class='ocr_par' dir='ltr' id='par_1_67' title="bbox 2072 2495 3660 2562">
     <span class='ocr_line' id='line_1_67' title="bbox 2072 2495 3660 2562; baseline 0.001 -13"><span class='ocrx_word' id='word_1_466' title='bbox 2072 2496 2160 2549; x_wconf 88' lang='lat' dir='ltr'><strong>ubi</strong></span> <span class='ocrx_word' id='word_1_467' title='bbox 2194 2497 2391 2550; x_wconf 80' lang='lat' dir='ltr'><strong>vermis</strong></span> <span class='ocrx_word' id='word_1_468' title='bbox 2416 2506 2472 2549; x_wconf 89' lang='lat' dir='ltr'><strong>et</strong></span> <span class='ocrx_word' id='word_1_469' title='bbox 2501 2508 2684 2562; x_wconf 63' lang='lat' dir='ltr'><strong>aerugo</strong></span> <span class='ocrx_word' id='word_1_470' title='bbox 2706 2495 2958 2562; x_wconf 86' lang='lat' dir='ltr'><strong>destruit,</strong></span> <span class='ocrx_word' id='word_1_471' title='bbox 3004 2505 3059 2550; x_wconf 90' lang='lat' dir='ltr'><strong>et</strong></span> <span class='ocrx_word' id='word_1_472' title='bbox 3093 2496 3184 2550; x_wconf 88' lang='lat' dir='ltr'><strong>ubi</strong></span> <span class='ocrx_word' id='word_1_473' title='bbox 3219 2495 3365 2551; x_wconf 76' lang='lat' dir='ltr'><strong>iures</strong></span> <span class='ocrx_word' id='word_1_474' title='bbox 3396 2496 3660 2551; x_wconf 72' lang='lat' dir='ltr'><strong>elfodiunt</strong></span> 
     </span>
    </p>
   </div>
   <div class='ocr_carea' id='block_1_68' title="bbox 2071 2585 3653 2657">
    <p class='ocr_par' dir='ltr' id='par_1_68' title="bbox 2071 2585 3653 2657">
     <span class='ocr_line' id='line_1_68' title="bbox 2071 2585 3653 2657; baseline -0.003 -15"><span class='ocrx_word' id='word_1_475' title='bbox 2071 2598 2120 2642; x_wconf 86' lang='lat' dir='ltr'><strong>et</strong></span> <span class='ocrx_word' id='word_1_476' title='bbox 2162 2586 2431 2642; x_wconf 78' lang='lat' dir='ltr'><strong>furantur.</strong></span> <span class='ocrx_word' id='word_1_477' title='bbox 2466 2585 2656 2641; x_wconf 89' lang='lat' dir='ltr'><strong>Videte</strong></span> <span class='ocrx_word' id='word_1_478' title='bbox 2686 2589 2963 2657; x_wconf 85' lang='lat' dir='ltr'><strong>quomodo</strong></span> <span class='ocrx_word' id='word_1_479' title='bbox 2990 2604 3016 2639; x_wconf 88' lang='lat' dir='ltr'><strong>a</strong></span> <span class='ocrx_word' id='word_1_480' title='bbox 3060 2588 3201 2651; x_wconf 75' lang='lat' dir='ltr'><strong>loco,</strong></span> <span class='ocrx_word' id='word_1_481' title='bbox 3232 2603 3260 2639; x_wconf 88' lang='lat' dir='ltr'><strong>a</strong></span> <span class='ocrx_word' id='word_1_482' title='bbox 3287 2589 3541 2641; x_wconf 85' lang='lat' dir='ltr'><strong>damnum</strong></span> <span class='ocrx_word' id='word_1_483' title='bbox 3573 2587 3653 2639; x_wconf 58' lang='lat' dir='ltr'><strong>aia</strong></span> 
     </span>
    </p>
   </div>
   <div class='ocr_carea' id='block_1_69' title="bbox 2072 2678 3655 2749">
    <p class='ocr_par' dir='ltr' id='par_1_69' title="bbox 2072 2678 3655 2749">
     <span class='ocr_line' id='line_1_69' title="bbox 2072 2678 3655 2749; baseline -0.004 -12"><span class='ocrx_word' id='word_1_484' title='bbox 2072 2682 2380 2737; x_wconf 76' lang='lat' dir='ltr'><strong>ferentibus</strong></span> <span class='ocrx_word' id='word_1_485' title='bbox 2414 2681 2611 2734; x_wconf 80' lang='lat' dir='ltr'><strong>avertit</strong></span> <span class='ocrx_word' id='word_1_486' title='bbox 2640 2680 2955 2748; x_wconf 83' lang='lat' dir='ltr'><strong>cupiditatis</strong></span> <span class='ocrx_word' id='word_1_487' title='bbox 2982 2678 3149 2749; x_wconf 86' lang='lat' dir='ltr'><strong>hujus</strong></span> <span class='ocrx_word' id='word_1_488' title='bbox 3182 2679 3390 2742; x_wconf 76' lang='lat' dir='ltr'><strong>monili,</strong></span> <span class='ocrx_word' id='word_1_489' title='bbox 3450 2693 3506 2733; x_wconf 84' lang='lat' dir='ltr'><strong>et</strong></span> <span class='ocrx_word' id='word_1_490' title='bbox 3539 2678 3655 2731; x_wconf 81' lang='lat' dir='ltr'><strong>alii-</strong></span> 
     </span>
    </p>
   </div>
   <div class='ocr_carea' id='block_1_70' title="bbox 2073 2769 3658 2842">
    <p class='ocr_par' dir='ltr' id='par_1_70' title="bbox 2073 2769 3658 2842">
     <span class='ocr_line' id='line_1_70' title="bbox 2073 2769 3658 2842; baseline -0.001 -16"><span class='ocrx_word' id='word_1_491' title='bbox 2073 2780 2164 2842; x_wconf 65' lang='grc' dir='ltr'>καί</span> <span class='ocrx_word' id='word_1_492' title='bbox 2197 2771 2356 2838; x_wconf 85' lang='lat' dir='ltr'><strong>coelo,</strong></span> <span class='ocrx_word' id='word_1_493' title='bbox 2399 2770 2486 2826; x_wconf 86' lang='lat' dir='ltr'><strong>ubi</strong></span> <span class='ocrx_word' id='word_1_494' title='bbox 2516 2770 2663 2824; x_wconf 87' lang='lat' dir='ltr'><strong>nulla</strong></span> <span class='ocrx_word' id='word_1_495' title='bbox 2704 2777 2957 2839; x_wconf 86' lang='lat' dir='ltr'><strong>pereunt.</strong></span> <span class='ocrx_word' id='word_1_496' title='bbox 2994 2769 3051 2824; x_wconf 86' lang='lat' dir='ltr'><strong>Si</strong></span> <span class='ocrx_word' id='word_1_497' title='bbox 3085 2769 3228 2823; x_wconf 88' lang='lat' dir='ltr'><strong>enim</strong></span> <span class='ocrx_word' id='word_1_498' title='bbox 3254 2769 3543 2837; x_wconf 82' lang='lat' dir='ltr'><strong>deponatis</strong></span> <span class='ocrx_word' id='word_1_499' title='bbox 3577 2771 3658 2824; x_wconf 87' lang='lat' dir='ltr'><strong>di-</strong></span> 
     </span>
    </p>
   </div>
   <div class='ocr_carea' id='block_1_71' title="bbox 2075 2862 3660 2932">
    <p class='ocr_par' dir='ltr' id='par_1_71' title="bbox 2075 2862 3660 2932">
     <span class='ocr_line' id='line_1_71' title="bbox 2075 2862 3660 2932; baseline -0.001 -14"><span class='ocrx_word' id='word_1_500' title='bbox 2075 2864 2233 2920; x_wconf 88' lang='lat' dir='ltr'><strong>vitias</strong></span> <span class='ocrx_word' id='word_1_501' title='bbox 2266 2872 2479 2919; x_wconf 83' lang='lat' dir='ltr'><strong>vestras</strong></span> <span class='ocrx_word' id='word_1_502' title='bbox 2506 2864 2607 2929; x_wconf 86' lang='lat' dir='ltr'><strong>ibi,</strong></span> <span class='ocrx_word' id='word_1_503' title='bbox 2631 2864 2828 2932; x_wconf 87' lang='lat' dir='ltr'><strong>inquit,</strong></span> <span class='ocrx_word' id='word_1_504' title='bbox 2861 2862 2950 2918; x_wconf 82' lang='lat' dir='ltr'><strong>ubi</strong></span> <span class='ocrx_word' id='word_1_505' title='bbox 3007 2877 3181 2930; x_wconf 86' lang='lat' dir='ltr'><strong>neque</strong></span> <span class='ocrx_word' id='word_1_506' title='bbox 3216 2862 3418 2917; x_wconf 84' lang='lat' dir='ltr'><strong>vermis</strong></span> <span class='ocrx_word' id='word_1_507' title='bbox 3479 2872 3660 2931; x_wconf 83' lang='lat' dir='ltr'><strong>neque</strong></span> 
     </span>
    </p>
   </div>
   <div class='ocr_carea' id='block_1_72' title="bbox 2071 2952 3654 3028">
    <p class='ocr_par' dir='ltr' id='par_1_72' title="bbox 2071 2952 3654 3028">
     <span class='ocr_line' id='line_1_72' title="bbox 2071 2952 3654 3028; baseline -0.003 -17"><span class='ocrx_word' id='word_1_508' title='bbox 2071 2971 2254 3028; x_wconf 77' lang='lat' dir='ltr'><strong>:erugo</strong></span> <span class='ocrx_word' id='word_1_509' title='bbox 2288 2956 2546 3023; x_wconf 86' lang='lat' dir='ltr'><strong>destruit,</strong></span> <span class='ocrx_word' id='word_1_510' title='bbox 2584 2970 2765 3024; x_wconf 88' lang='lat' dir='ltr'><strong>neque</strong></span> <span class='ocrx_word' id='word_1_511' title='bbox 2787 2954 2938 3009; x_wconf 80' lang='lat' dir='ltr'><strong>fures</strong></span> <span class='ocrx_word' id='word_1_512' title='bbox 2979 2953 3250 3008; x_wconf 84' lang='lat' dir='ltr'><strong>eil&#39;odiunt</strong></span> <span class='ocrx_word' id='word_1_513' title='bbox 3278 2962 3332 3007; x_wconf 87' lang='lat' dir='ltr'><strong>et</strong></span> <span class='ocrx_word' id='word_1_514' title='bbox 3381 2952 3654 3020; x_wconf 63' lang='lat' dir='ltr'><strong>furantur,</strong></span> 
     </span>
    </p>
   </div>
   <div class='ocr_carea' id='block_1_73' title="bbox 2073 3045 3660 3120">
    <p class='ocr_par' dir='ltr' id='par_1_73' title="bbox 2073 3045 3660 3120">
     <span class='ocr_line' id='line_1_73' title="bbox 2073 3045 3660 3120; baseline -0.003 -17"><span class='ocrx_word' id='word_1_515' title='bbox 2073 3049 2217 3105; x_wconf 88' lang='lat' dir='ltr'><strong>lumc</strong></span> <span class='ocrx_word' id='word_1_516' title='bbox 2249 3063 2465 3120; x_wconf 89' lang='lat' dir='ltr'><strong>quoque</strong></span> <span class='ocrx_word' id='word_1_517' title='bbox 2495 3046 2778 3117; x_wconf 79' lang='lat' dir='ltr'><strong>expelletis</strong></span> <span class='ocrx_word' id='word_1_518' title='bbox 2805 3048 3056 3100; x_wconf 87' lang='lat' dir='ltr'><strong>morbum</strong></span> <span class='ocrx_word' id='word_1_519' title='bbox 3087 3053 3145 3102; x_wconf 86' lang='lat' dir='ltr'><strong>et</strong></span> <span class='ocrx_word' id='word_1_520' title='bbox 3167 3045 3406 3101; x_wconf 85' lang='lat' dir='ltr'><strong>animam</strong></span> <span class='ocrx_word' id='word_1_521' title='bbox 3457 3046 3510 3100; x_wconf 83' lang='lat' dir='ltr'><strong>in</strong></span> <span class='ocrx_word' id='word_1_522' title='bbox 3544 3061 3660 3099; x_wconf 79' lang='lat' dir='ltr'><strong>ma-</strong></span> 
     </span>
    </p>
   </div>
   <div class='ocr_carea' id='block_1_74' title="bbox 2076 3140 2973 3198">
    <p class='ocr_par' dir='ltr' id='par_1_74' title="bbox 2076 3140 2973 3198">
     <span class='ocr_line' id='line_1_74' title="bbox 2076 3140 2973 3198; baseline -0.004 -3"><span class='ocrx_word' id='word_1_523' title='bbox 2076 3141 2221 3196; x_wconf 79' lang='lat' dir='ltr'><strong>xima</strong></span> <span class='ocrx_word' id='word_1_524' title='bbox 2259 3140 2608 3198; x_wconf 86' lang='lat' dir='ltr'><strong>constituetis</strong></span> <span class='ocrx_word' id='word_1_525' title='bbox 2640 3140 2973 3196; x_wconf 86' lang='lat' dir='ltr'><strong>constantia.</strong></span> 
     </span>
    </p>
   </div>
   <div class='ocr_carea' id='block_1_75' title="bbox 2144 3470 3657 3550">
    <p class='ocr_par' dir='ltr' id='par_1_75' title="bbox 2144 3470 3657 3550">
     <span class='ocr_line' id='line_1_75' title="bbox 2144 3470 3657 3550; baseline 0 -11"><span class='ocrx_word' id='word_1_526' title='bbox 2144 3483 2197 3539; x_wconf 77' lang='lat'><strong>5.</strong></span> <span class='ocrx_word' id='word_1_527' title='bbox 2226 3483 2353 3538; x_wconf 87' lang='lat' dir='ltr'><strong>Post</strong></span> <span class='ocrx_word' id='word_1_528' title='bbox 2386 3490 2566 3536; x_wconf 84' lang='lat' dir='ltr'><strong>autem</strong></span> <span class='ocrx_word' id='word_1_529' title='bbox 2599 3480 2743 3536; x_wconf 88' lang='lat' dir='ltr'><strong>dicta</strong></span> <span class='ocrx_word' id='word_1_530' title='bbox 2780 3480 3090 3550; x_wconf 81' lang='lat' dir='ltr'><strong>exemplum</strong></span> <span class='ocrx_word' id='word_1_531' title='bbox 3142 3481 3198 3536; x_wconf 89' lang='lat' dir='ltr'><strong>in</strong></span> <span class='ocrx_word' id='word_1_532' title='bbox 3231 3478 3469 3539; x_wconf 84' lang='lat' dir='ltr'><strong>medium</strong></span> <span class='ocrx_word' id='word_1_533' title='bbox 3498 3470 3657 3539; x_wconf 77' lang='lat' dir='ltr'><strong>ati‘ert</strong></span> 
     </span>
    </p>
   </div>
   <div class='ocr_carea' id='block_1_76' title="bbox 2073 3572 3655 3649">
    <p class='ocr_par' dir='ltr' id='par_1_76' title="bbox 2073 3572 3655 3649">
     <span class='ocr_line' id='line_1_76' title="bbox 2073 3572 3655 3649; baseline 0.001 -19"><span class='ocrx_word' id='word_1_534' title='bbox 2073 3593 2170 3649; x_wconf 86' lang='lat' dir='ltr'><strong>per</strong></span> <span class='ocrx_word' id='word_1_535' title='bbox 2210 3577 2315 3632; x_wconf 87' lang='lat' dir='ltr'><strong>hoc</strong></span> <span class='ocrx_word' id='word_1_536' title='bbox 2372 3576 2629 3631; x_wconf 86' lang='lat' dir='ltr'><strong>erudiens</strong></span> <span class='ocrx_word' id='word_1_537' title='bbox 2687 3589 2810 3629; x_wconf 84' lang='lat' dir='ltr'><strong>nos.</strong></span> <span class='ocrx_word' id='word_1_538' title='bbox 2875 3572 3058 3629; x_wconf 87' lang='lat' dir='ltr'><strong>Veluti</strong></span> <span class='ocrx_word' id='word_1_539' title='bbox 3118 3587 3357 3646; x_wconf 87' lang='lat' dir='ltr'><strong>namque</strong></span> <span class='ocrx_word' id='word_1_540' title='bbox 3410 3578 3655 3633; x_wconf 87' lang='lat' dir='ltr'><strong>medicus</strong></span> 
     </span>
    </p>
   </div>
   <div class='ocr_carea' id='block_1_77' title="bbox 2072 3667 3648 3738">
    <p class='ocr_par' dir='ltr' id='par_1_77' title="bbox 2072 3667 3648 3738">
     <span class='ocr_line' id='line_1_77' title="bbox 2072 3667 3648 3738; baseline -0.001 -12"><span class='ocrx_word' id='word_1_541' title='bbox 2072 3672 2267 3726; x_wconf 89' lang='lat' dir='ltr'><strong>timens</strong></span> <span class='ocrx_word' id='word_1_542' title='bbox 2289 3669 2584 3733; x_wconf 79' lang='lat' dir='ltr'><strong>infirmum,</strong></span> <span class='ocrx_word' id='word_1_543' title='bbox 2602 3668 2731 3721; x_wconf 82' lang='lat' dir='ltr'><strong>dicit</strong></span> <span class='ocrx_word' id='word_1_544' title='bbox 2755 3667 3044 3736; x_wconf 82' lang='lat' dir='ltr'><strong>quemda&#39;n</strong></span> <span class='ocrx_word' id='word_1_545' title='bbox 3081 3668 3281 3736; x_wconf 79' lang='lat' dir='ltr'><strong>frigore</strong></span> <span class='ocrx_word' id='word_1_546' title='bbox 3312 3680 3529 3738; x_wconf 86' lang='lat' dir='ltr'><strong>captum</strong></span> <span class='ocrx_word' id='word_1_547' title='bbox 3555 3674 3648 3725; x_wconf 84' lang='lat' dir='ltr'><strong>ah-</strong></span> 
     </span>
    </p>
   </div>
   <div class='ocr_carea' id='block_1_78' title="bbox 2076 3759 3651 3831">
    <p class='ocr_par' dir='ltr' id='par_1_78' title="bbox 2076 3759 3651 3831">
     <span class='ocr_line' id='line_1_78' title="bbox 2076 3759 3651 3831; baseline -0.001 -13"><span class='ocrx_word' id='word_1_548' title='bbox 2076 3770 2351 3831; x_wconf 83' lang='lat' dir='ltr'><strong>sumptum</strong></span> <span class='ocrx_word' id='word_1_549' title='bbox 2380 3775 2522 3825; x_wconf 86' lang='lat' dir='ltr'><strong>esse,</strong></span> <span class='ocrx_word' id='word_1_550' title='bbox 2553 3760 2596 3814; x_wconf 87' lang='lat' dir='ltr'><strong>si</strong></span> <span class='ocrx_word' id='word_1_551' title='bbox 2628 3769 2682 3813; x_wconf 88' lang='lat' dir='ltr'><strong>et</strong></span> <span class='ocrx_word' id='word_1_552' title='bbox 2716 3759 2828 3827; x_wconf 86' lang='lat' dir='ltr'><strong>ipse</strong></span> <span class='ocrx_word' id='word_1_553' title='bbox 2865 3759 3070 3814; x_wconf 80' lang='lat' dir='ltr'><strong>inducit</strong></span> <span class='ocrx_word' id='word_1_554' title='bbox 3119 3760 3341 3816; x_wconf 87' lang='lat' dir='ltr'><strong>divitem</strong></span> <span class='ocrx_word' id='word_1_555' title='bbox 3391 3764 3651 3818; x_wconf 88' lang='lat' dir='ltr'><strong>laborau-</strong></span> 
     </span>
    </p>
   </div>
   <div class='ocr_carea' id='block_1_79' title="bbox 2074 3851 3645 3921">
    <p class='ocr_par' dir='ltr' id='par_1_79' title="bbox 2074 3851 3645 3921">
     <span class='ocr_line' id='line_1_79' title="bbox 2074 3851 3645 3921; baseline 0.001 -12"><span class='ocrx_word' id='word_1_556' title='bbox 2074 3864 2179 3909; x_wconf 87' lang='lat' dir='ltr'><strong>tem</strong></span> <span class='ocrx_word' id='word_1_557' title='bbox 2217 3863 2269 3906; x_wconf 89' lang='lat' dir='ltr'><strong>et</strong></span> <span class='ocrx_word' id='word_1_558' title='bbox 2301 3853 2607 3921; x_wconf 85' lang='lat' dir='ltr'><strong>cupientem</strong></span> <span class='ocrx_word' id='word_1_559' title='bbox 2643 3852 2808 3904; x_wconf 82' lang='lat' dir='ltr'><strong>vitam</strong></span> <span class='ocrx_word' id='word_1_560' title='bbox 2839 3863 2893 3905; x_wconf 90' lang='lat' dir='ltr'><strong>et</strong></span> <span class='ocrx_word' id='word_1_561' title='bbox 2921 3851 3211 3907; x_wconf 85' lang='lat' dir='ltr'><strong>sanitatem</strong></span> <span class='ocrx_word' id='word_1_562' title='bbox 3241 3870 3346 3907; x_wconf 88' lang='lat' dir='ltr'><strong>non</strong></span> <span class='ocrx_word' id='word_1_563' title='bbox 3374 3855 3645 3910; x_wconf 66' lang='lat' dir='ltr'><strong>valenti-ut</strong></span> 
     </span>
    </p>
   </div>
   <div class='ocr_carea' id='block_1_80' title="bbox 2073 3944 3652 4012">
    <p class='ocr_par' dir='ltr' id='par_1_80' title="bbox 2073 3944 3652 4012">
     <span class='ocr_line' id='line_1_80' title="bbox 2073 3944 3652 4012; baseline 0.001 -12"><span class='ocrx_word' id='word_1_564' title='bbox 2073 3956 2255 4000; x_wconf 80' lang='lat' dir='ltr'><strong>autem</strong></span> <span class='ocrx_word' id='word_1_565' title='bbox 2280 3944 2549 4012; x_wconf 75' lang='lat' dir='ltr'><strong>attingere</strong></span> <span class='ocrx_word' id='word_1_566' title='bbox 2574 3951 2800 4012; x_wconf 83' lang='lat' dir='ltr'><strong>propter</strong></span> <span class='ocrx_word' id='word_1_567' title='bbox 2828 3944 3171 3997; x_wconf 84' lang='lat' dir='ltr'><strong>abundantiae</strong></span> <span class='ocrx_word' id='word_1_568' title='bbox 3201 3945 3529 4001; x_wconf 85' lang='lat' dir='ltr'><strong>desiderium</strong></span> <span class='ocrx_word' id='word_1_569' title='bbox 3556 3951 3652 4002; x_wconf 89' lang='lat' dir='ltr'><strong>sed</strong></span> 
     </span>
    </p>
   </div>
   <div class='ocr_carea' id='block_1_81' title="bbox 2074 4031 3655 4102">
    <p class='ocr_par' dir='ltr' id='par_1_81' title="bbox 2074 4031 3655 4102">
     <span class='ocr_line' id='line_1_81' title="bbox 2074 4031 3655 4102; baseline 0.003 -13"><span class='ocrx_word' id='word_1_570' title='bbox 2074 4035 2364 4089; x_wconf 85' lang='lat' dir='ltr'><strong>abeuntem</strong></span> <span class='ocrx_word' id='word_1_571' title='bbox 2402 4044 2567 4087; x_wconf 88' lang='lat' dir='ltr'><strong>retro.</strong></span> <span class='ocrx_word' id='word_1_572' title='bbox 2601 4031 2799 4086; x_wconf 77' lang='lat' dir='ltr'><strong>Eodem</strong></span> <span class='ocrx_word' id='word_1_573' title='bbox 2832 4033 3053 4102; x_wconf 78' lang='lat' dir='ltr'><strong>quidem</strong></span> <span class='ocrx_word' id='word_1_574' title='bbox 3079 4037 3237 4088; x_wconf 89' lang='lat' dir='ltr'><strong>modo</strong></span> <span class='ocrx_word' id='word_1_575' title='bbox 3265 4043 3319 4088; x_wconf 89' lang='lat' dir='ltr'><strong>et</strong></span> <span class='ocrx_word' id='word_1_576' title='bbox 3366 4038 3531 4090; x_wconf 85' lang='lat' dir='ltr'><strong>atium</strong></span> <span class='ocrx_word' id='word_1_577' title='bbox 3559 4053 3655 4092; x_wconf 87' lang='lat' dir='ltr'><strong>os-</strong></span> 
     </span>
    </p>
   </div>
   <div class='ocr_carea' id='block_1_82' title="bbox 2076 4123 3657 4197">
    <p class='ocr_par' dir='ltr' id='par_1_82' title="bbox 2076 4123 3657 4197">
     <span class='ocr_line' id='line_1_82' title="bbox 2076 4123 3657 4197; baseline 0.001 -16"><span class='ocrx_word' id='word_1_578' title='bbox 2076 4125 2249 4181; x_wconf 86' lang='lat' dir='ltr'><strong>tendit</strong></span> <span class='ocrx_word' id='word_1_579' title='bbox 2278 4125 2434 4180; x_wconf 84' lang='lat' dir='ltr'><strong>nobis</strong></span> <span class='ocrx_word' id='word_1_580' title='bbox 2469 4139 2591 4179; x_wconf 88' lang='lat' dir='ltr'><strong>cum</strong></span> <span class='ocrx_word' id='word_1_581' title='bbox 2625 4139 2688 4179; x_wconf 91' lang='lat' dir='ltr'><strong>eo</strong></span> <span class='ocrx_word' id='word_1_582' title='bbox 2712 4123 2936 4179; x_wconf 80' lang='lat' dir='ltr'><strong>divitem</strong></span> <span class='ocrx_word' id='word_1_583' title='bbox 2969 4141 2983 4178; x_wconf 78' lang='grc' dir='ltr'>ε</span> <span class='ocrx_word' id='word_1_584' title='bbox 3018 4127 3157 4181; x_wconf 90' lang='lat' dir='ltr'><strong>alius</strong></span> <span class='ocrx_word' id='word_1_585' title='bbox 3186 4128 3520 4197; x_wconf 80' lang='lat' dir='ltr'><strong>evangelista</strong></span> <span class='ocrx_word' id='word_1_586' title='bbox 3559 4131 3657 4182; x_wconf 79' lang='lat' dir='ltr'><strong>fri-</strong></span> 
     </span>
    </p>
   </div>
   <div class='ocr_carea' id='block_1_83' title="bbox 2075 4219 3654 4286">
    <p class='ocr_par' dir='ltr' id='par_1_83' title="bbox 2075 4219 3654 4286">
     <span class='ocr_line' id='line_1_83' title="bbox 2075 4219 3654 4286; baseline 0.003 -14"><span class='ocrx_word' id='word_1_587' title='bbox 2075 4229 2220 4272; x_wconf 89' lang='lat' dir='ltr'><strong>ctum</strong></span> <span class='ocrx_word' id='word_1_588' title='bbox 2243 4227 2297 4272; x_wconf 88' lang='lat' dir='ltr'><strong>ct</strong></span> <span class='ocrx_word' id='word_1_589' title='bbox 2321 4234 2495 4286; x_wconf 79' lang='lat' dir='ltr'><strong>neque</strong></span> <span class='ocrx_word' id='word_1_590' title='bbox 2514 4226 2678 4285; x_wconf 72' lang='lat' dir='ltr'><strong>gutta:</strong></span> <span class='ocrx_word' id='word_1_591' title='bbox 2704 4232 3096 4286; x_wconf 83' lang='lat' dir='ltr'><strong>possessorem.</strong></span> <span class='ocrx_word' id='word_1_592' title='bbox 3128 4219 3330 4275; x_wconf 81' lang='lat' dir='ltr'><strong>Deinde</strong></span> <span class='ocrx_word' id='word_1_593' title='bbox 3355 4225 3654 4278; x_wconf 83' lang='lat' dir='ltr'><strong>ostendens</strong></span> 
     </span>
    </p>
   </div>
   <div class='ocr_carea' id='block_1_84' title="bbox 2078 4310 3657 4379">
    <p class='ocr_par' dir='ltr' id='par_1_84' title="bbox 2078 4310 3657 4379">
     <span class='ocr_line' id='line_1_84' title="bbox 2078 4310 3657 4379; baseline 0.001 -13"><span class='ocrx_word' id='word_1_594' title='bbox 2078 4310 2263 4366; x_wconf 76' lang='lat' dir='ltr'><strong>facilia</strong></span> <span class='ocrx_word' id='word_1_595' title='bbox 2291 4326 2412 4366; x_wconf 86' lang='lat' dir='ltr'><strong>esse</strong></span> <span class='ocrx_word' id='word_1_596' title='bbox 2432 4310 2608 4379; x_wconf 71' lang='lat' dir='ltr'><strong>iussa,</strong></span> <span class='ocrx_word' id='word_1_597' title='bbox 2642 4310 2718 4364; x_wconf 88' lang='lat' dir='ltr'><strong>ait</strong></span> <span class='ocrx_word' id='word_1_598' title='bbox 2744 4328 2759 4363; x_wconf 90' lang='lat'><strong>:</strong></span> <span class='ocrx_word' id='word_1_599' title='bbox 2791 4311 3150 4365; x_wconf 81' lang='lat' dir='ltr'><strong>Considerate</strong></span> <span class='ocrx_word' id='word_1_600' title='bbox 3173 4312 3408 4366; x_wconf 82' lang='lat' dir='ltr'><strong>volatilia</strong></span> <span class='ocrx_word' id='word_1_601' title='bbox 3430 4313 3578 4378; x_wconf 71' lang='lat' dir='ltr'><strong>cmli,</strong></span> <span class='ocrx_word' id='word_1_602' title='bbox 3599 4321 3657 4368; x_wconf 90' lang='lat' dir='ltr'><strong>et</strong></span> 
     </span>
    </p>
   </div>
   <div class='ocr_carea' id='block_1_85' title="bbox 2080 4399 3657 4471">
    <p class='ocr_par' dir='ltr' id='par_1_85' title="bbox 2080 4399 3657 4471">
     <span class='ocr_line' id='line_1_85' title="bbox 2080 4399 3657 4471; baseline 0.003 -17"><span class='ocrx_word' id='word_1_603' title='bbox 2080 4401 2304 4471; x_wconf 87' lang='lat' dir='ltr'><strong>reliqua.</strong></span> <span class='ocrx_word' id='word_1_604' title='bbox 2330 4399 2514 4456; x_wconf 81' lang='lat' dir='ltr'><strong>Mitior</strong></span> <span class='ocrx_word' id='word_1_605' title='bbox 2541 4416 2669 4455; x_wconf 90' lang='lat' dir='ltr'><strong>vero</strong></span> <span class='ocrx_word' id='word_1_606' title='bbox 2703 4400 2883 4455; x_wconf 84' lang='lat' dir='ltr'><strong>factus</strong></span> <span class='ocrx_word' id='word_1_607' title='bbox 2915 4416 3019 4455; x_wconf 87' lang='lat' dir='ltr'><strong>nec</strong></span> <span class='ocrx_word' id='word_1_608' title='bbox 3051 4403 3199 4471; x_wconf 73' lang='lat' dir='ltr'><strong>ipsos</strong></span> <span class='ocrx_word' id='word_1_609' title='bbox 3257 4401 3458 4458; x_wconf 88' lang='lat' dir='ltr'><strong>divites</strong></span> <span class='ocrx_word' id='word_1_610' title='bbox 3523 4406 3657 4459; x_wconf 88' lang='lat' dir='ltr'><strong>sinit</strong></span> 
     </span>
    </p>
   </div>
   <div class='ocr_carea' id='block_1_86' title="bbox 396 4491 1972 4566">
    <p class='ocr_par' dir='ltr' id='par_1_86' title="bbox 396 4491 1971 4565">
     <span class='ocr_line' id='line_1_86' title="bbox 396 4491 1971 4565; baseline 0 -18"><span class='ocrx_word' id='word_1_611' title='bbox 396 4497 537 4565; x_wconf 78' lang='grc' dir='ltr'>ψατε</span> <span class='ocrx_word' id='word_1_612' title='bbox 582 4496 662 4557; x_wconf 83' lang='grc' dir='ltr'><strong>είς</strong></span> <span class='ocrx_word' id='word_1_613' title='bbox 711 4495 780 4548; x_wconf 81' lang='grc' dir='ltr'>τὰ</span> <span class='ocrx_word' id='word_1_614' title='bbox 835 4493 1062 4547; x_wconf 81' lang='grc' dir='ltr'>πετεινᾶ</span> <span class='ocrx_word' id='word_1_615' title='bbox 1111 4491 1208 4545; x_wconf 85' lang='grc' dir='ltr'><strong>τοῦ</strong></span> <span class='ocrx_word' id='word_1_616' title='bbox 1258 4491 1516 4561; x_wconf 80' lang='grc' dir='ltr'>οὐρανοῦ,</span> <span class='ocrx_word' id='word_1_617' title='bbox 1573 4494 1667 4544; x_wconf 76' lang='grc' dir='ltr'><strong>καὶ</strong></span> <span class='ocrx_word' id='word_1_618' title='bbox 1711 4493 1779 4546; x_wconf 84' lang='grc' dir='ltr'><strong>τὰ</strong></span> <span class='ocrx_word' id='word_1_619' title='bbox 1822 4493 1971 4563; x_wconf 78' lang='grc' dir='ltr'>ἑξῆς.</span> 
     </span>
    </p>
   </div>
   <div class='ocr_carea' id='block_1_87' title="bbox 2075 4491 3653 4566">
    <p class='ocr_par' dir='ltr' id='par_1_87' title="bbox 2079 4491 3653 4566">
     <span class='ocr_line' id='line_1_87' title="bbox 2079 4491 3653 4566; baseline 0.002 -17"><span class='ocrx_word' id='word_1_620' title='bbox 2079 4494 2374 4562; x_wconf 82' lang='lat' dir='ltr'><strong>desperare</strong></span> <span class='ocrx_word' id='word_1_621' title='bbox 2412 4510 2425 4547; x_wconf 90' lang='lat'><strong>:</strong></span> <span class='ocrx_word' id='word_1_622' title='bbox 2459 4491 2822 4557; x_wconf 85' lang='lat' dir='ltr'><strong>impossibilia</strong></span> <span class='ocrx_word' id='word_1_623' title='bbox 2855 4493 3000 4547; x_wconf 90' lang='lat' dir='ltr'><strong>enim</strong></span> <span class='ocrx_word' id='word_1_624' title='bbox 3034 4494 3349 4550; x_wconf 84' lang='lat' dir='ltr'><strong>hominibus</strong></span> <span class='ocrx_word' id='word_1_625' title='bbox 3373 4497 3653 4566; x_wconf 75' lang='lat' dir='ltr'><strong>possibilia</strong></span> 
     </span>
    </p>
   </div>
   <div class='ocr_carea' id='block_1_88' title="bbox 397 4583 1976 4656">
    <p class='ocr_par' dir='ltr' id='par_1_88' title="bbox 397 4583 1976 4656">
     <span class='ocr_line' id='line_1_88' title="bbox 397 4583 1976 4656; baseline -0.003 -15"><span class='ocrx_word' id='word_1_626' title='bbox 397 4585 884 4656; x_wconf 77' lang='grc' dir='ltr'>Συγκαταϐατικὺς</span> <span class='ocrx_word' id='word_1_627' title='bbox 950 4585 1007 4639; x_wconf 79' lang='grc' dir='ltr'>δὲ</span> <span class='ocrx_word' id='word_1_628' title='bbox 1066 4583 1176 4649; x_wconf 82' lang='grc' dir='ltr'>ὢν,</span> <span class='ocrx_word' id='word_1_629' title='bbox 1238 4585 1360 4638; x_wconf 79' lang='grc' dir='ltr'>οὐδὲ</span> <span class='ocrx_word' id='word_1_630' title='bbox 1419 4585 1546 4647; x_wconf 84' lang='grc' dir='ltr'>τοὺς</span> <span class='ocrx_word' id='word_1_631' title='bbox 1608 4584 1976 4649; x_wconf 82' lang='grc' dir='ltr'>πλουτοῦντας</span> 
     </span>
    </p>
   </div>
   <div class='ocr_carea' id='block_1_89' title="bbox 396 4669 1976 4744">
    <p class='ocr_par' dir='ltr' id='par_1_89' title="bbox 396 4669 1976 4744">
     <span class='ocr_line' id='line_1_89' title="bbox 396 4669 1976 4744; baseline -0.003 -16"><span class='ocrx_word' id='word_1_632' title='bbox 396 4677 623 4744; x_wconf 82' lang='grc' dir='ltr'>ἀφίησιν</span> <span class='ocrx_word' id='word_1_633' title='bbox 682 4673 1127 4742; x_wconf 69' lang='grc' dir='ltr'>ἀπογινώσκεινθ</span> <span class='ocrx_word' id='word_1_634' title='bbox 1182 4673 1251 4724; x_wconf 82' lang='grc' dir='ltr'>τὰ</span> <span class='ocrx_word' id='word_1_635' title='bbox 1293 4670 1404 4741; x_wconf 79' lang='grc' dir='ltr'>γὰρ</span> <span class='ocrx_word' id='word_1_636' title='bbox 1453 4671 1606 4741; x_wconf 70' lang='grc' dir='ltr'>παρὰ</span> <span class='ocrx_word' id='word_1_637' title='bbox 1660 4669 1976 4741; x_wconf 80' lang='grc' dir='ltr'>ἀνθρώποις</span> 
     </span>
    </p>
   </div>
   <div class='ocr_carea' id='block_1_90' title="bbox 294 4762 1974 4834">
    <p class='ocr_par' dir='ltr' id='par_1_90' title="bbox 294 4762 1974 4834">
     <span class='ocr_line' id='line_1_90' title="bbox 294 4762 1974 4834; baseline -0.002 -14"><span class='ocrx_word' id='word_1_638' title='bbox 294 4780 301 4785; x_wconf 84' lang='grc'><strong>’</strong></span> <span class='ocrx_word' id='word_1_639' title='bbox 396 4769 639 4821; x_wconf 72' lang='grc' dir='ltr'>ἀδύνατα</span> <span class='ocrx_word' id='word_1_640' title='bbox 693 4766 894 4819; x_wconf 74' lang='grc' dir='ltr'>δυνατὰ</span> <span class='ocrx_word' id='word_1_641' title='bbox 948 4766 1102 4834; x_wconf 70' lang='grc' dir='ltr'>παρὰ</span> <span class='ocrx_word' id='word_1_642' title='bbox 1149 4763 1227 4834; x_wconf 84' lang='grc' dir='ltr'><strong>τῷ</strong></span> <span class='ocrx_word' id='word_1_643' title='bbox 1261 4762 1380 4833; x_wconf 87' lang='grc' dir='ltr'><strong>Θεῴ</strong></span> <span class='ocrx_word' id='word_1_644' title='bbox 1414 4803 1429 4828; x_wconf 88' lang='grc'><strong>,</strong></span> <span class='ocrx_word' id='word_1_645' title='bbox 1480 4764 1635 4833; x_wconf 81' lang='grc' dir='ltr'>φησι.</span> <span class='ocrx_word' id='word_1_646' title='bbox 1695 4765 1813 4816; x_wconf 82' lang='grc' dir='ltr'><strong>Κᾶν</strong></span> <span class='ocrx_word' id='word_1_647' title='bbox 1866 4764 1974 4834; x_wconf 81' lang='grc' dir='ltr'><strong>γὰρ</strong></span> 
     </span>
    </p>
   </div>
   <div class='ocr_carea' id='block_1_91' title="bbox 400 4854 1974 4933">
    <p class='ocr_par' dir='ltr' id='par_1_91' title="bbox 400 4854 1974 4933">
     <span class='ocr_line' id='line_1_91' title="bbox 400 4854 1974 4933; baseline -0.002 -21"><span class='ocrx_word' id='word_1_648' title='bbox 400 4855 706 4933; x_wconf 80' lang='grc' dir='ltr'>πλούσιοςῇ</span> <span class='ocrx_word' id='word_1_649' title='bbox 740 4876 848 4924; x_wconf 88' lang='grc' dir='ltr'>τις,</span> <span class='ocrx_word' id='word_1_650' title='bbox 882 4858 1108 4910; x_wconf 86' lang='grc' dir='ltr'>δύναται</span> <span class='ocrx_word' id='word_1_651' title='bbox 1138 4854 1328 4910; x_wconf 87' lang='grc' dir='ltr'>τοῦτον</span> <span class='ocrx_word' id='word_1_652' title='bbox 1354 4856 1691 4924; x_wconf 83' lang='grc' dir='ltr'>θεραπεῦσαι</span> <span class='ocrx_word' id='word_1_653' title='bbox 1713 4857 1741 4909; x_wconf 83' lang='grc' dir='ltr'>ὁ</span> <span class='ocrx_word' id='word_1_654' title='bbox 1765 4857 1974 4926; x_wconf 83' lang='grc' dir='ltr'>ἰατρός⁶</span> 
     </span>
    </p>
   </div>
   <div class='ocr_carea' id='block_1_92' title="bbox 397 4944 1974 5022">
    <p class='ocr_par' dir='ltr' id='par_1_92' title="bbox 397 4944 1974 5022">
     <span class='ocr_line' id='line_1_92' title="bbox 397 4944 1974 5022; baseline -0.003 -17"><span class='ocrx_word' id='word_1_655' title='bbox 397 4952 521 5005; x_wconf 83' lang='grc' dir='ltr'><strong>οὐδὲ</strong></span> <span class='ocrx_word' id='word_1_656' title='bbox 555 4954 663 5022; x_wconf 86' lang='grc' dir='ltr'>γὰρ</span> <span class='ocrx_word' id='word_1_657' title='bbox 695 4952 755 5004; x_wconf 78' lang='grc' dir='ltr'>τὸ</span> <span class='ocrx_word' id='word_1_658' title='bbox 786 4951 1037 5002; x_wconf 84' lang='grc' dir='ltr'>πλουτεῖν</span> <span class='ocrx_word' id='word_1_659' title='bbox 1062 4948 1295 5012; x_wconf 78' lang='grc' dir='ltr'>ἀνεῖλεν,</span> <span class='ocrx_word' id='word_1_660' title='bbox 1333 4948 1472 5001; x_wconf 66' lang='grc' dir='ltr'>ἀλλὰ</span> <span class='ocrx_word' id='word_1_661' title='bbox 1523 4948 1584 5001; x_wconf 78' lang='grc' dir='ltr'>τὸ</span> <span class='ocrx_word' id='word_1_662' title='bbox 1607 4947 1796 5001; x_wconf 85' lang='grc' dir='ltr'>δοῦλον</span> <span class='ocrx_word' id='word_1_663' title='bbox 1831 4944 1974 5001; x_wconf 79' lang='grc' dir='ltr'>εἶναι</span> 
     </span>
    </p>
   </div>
   <div class='ocr_carea' id='block_1_93' title="bbox 398 5041 1976 5114">
    <p class='ocr_par' dir='ltr' id='par_1_93' title="bbox 398 5041 1976 5114">
     <span class='ocr_line' id='line_1_93' title="bbox 398 5041 1976 5114; baseline -0.005 -16"><span class='ocrx_word' id='word_1_664' title='bbox 398 5048 701 5114; x_wconf 76' lang='grc' dir='ltr'>χρημάτων</span> <span class='ocrx_word' id='word_1_665' title='bbox 755 5044 838 5110; x_wconf 79' lang='grc' dir='ltr'><strong>τὸ,</strong></span> <span class='ocrx_word' id='word_1_666' title='bbox 878 5041 1195 5105; x_wconf 80' lang='grc' dir='ltr'>πλεονεξίας</span> <span class='ocrx_word' id='word_1_667' title='bbox 1222 5043 1471 5112; x_wconf 58' lang='grc' dir='ltr'><strong>⁸ἐραστήν</strong></span> <span class='ocrx_word' id='word_1_668' title='bbox 1494 5057 1507 5070; x_wconf 95' lang='grc'><strong>·</strong></span> <span class='ocrx_word' id='word_1_669' title='bbox 1544 5043 1638 5093; x_wconf 71' lang='grc' dir='ltr'>καὶ</span> <span class='ocrx_word' id='word_1_670' title='bbox 1671 5041 1785 5104; x_wconf 84' lang='grc' dir='ltr'><strong>πῶς</strong></span> <span class='ocrx_word' id='word_1_671' title='bbox 1811 5041 1976 5094; x_wconf 86' lang='grc' dir='ltr'>δυνα-</span> 
     </span>
    </p>
   </div>
   <div class='ocr_carea' id='block_1_94' title="bbox 396 5129 1973 5202">
    <p class='ocr_par' dir='ltr' id='par_1_94' title="bbox 396 5129 1973 5202">
     <span class='ocr_line' id='line_1_94' title="bbox 396 5129 1973 5202; baseline -0.004 -14"><span class='ocrx_word' id='word_1_672' title='bbox 396 5136 487 5189; x_wconf 79' lang='grc' dir='ltr'>τὸν</span> <span class='ocrx_word' id='word_1_673' title='bbox 528 5140 587 5187; x_wconf 68' lang='grc' dir='ltr'>τὺ</span> <span class='ocrx_word' id='word_1_674' title='bbox 644 5134 979 5188; x_wconf 81' lang='grc' dir='ltr'>πλουτοῦντα</span> <span class='ocrx_word' id='word_1_675' title='bbox 1025 5131 1271 5202; x_wconf 74' lang='grc' dir='ltr'>σωθῆναι</span> <span class='ocrx_word' id='word_1_676' title='bbox 1307 5148 1322 5197; x_wconf 88' lang='grc'><strong>;</strong></span> <span class='ocrx_word' id='word_1_677' title='bbox 1378 5129 1534 5184; x_wconf 79' lang='grc' dir='ltr'>κοινὰ</span> <span class='ocrx_word' id='word_1_678' title='bbox 1564 5131 1636 5182; x_wconf 75' lang='grc' dir='ltr'>τὰ</span> <span class='ocrx_word' id='word_1_679' title='bbox 1679 5130 1810 5183; x_wconf 79' lang='grc' dir='ltr'>ὂντα</span> <span class='ocrx_word' id='word_1_680' title='bbox 1858 5135 1973 5194; x_wconf 86' lang='grc' dir='ltr'>τοῖς</span> 
     </span>
    </p>
   </div>
   <div class='ocr_carea' id='block_1_95' title="bbox 396 5219 1971 5298">
    <p class='ocr_par' dir='ltr' id='par_1_95' title="bbox 396 5219 1971 5298">
     <span class='ocr_line' id='line_1_95' title="bbox 396 5219 1971 5298; baseline -0.003 -18"><span class='ocrx_word' id='word_1_681' title='bbox 396 5229 678 5298; x_wconf 79' lang='grc' dir='ltr'>δεομένοις</span> <span class='ocrx_word' id='word_1_682' title='bbox 719 5226 1080 5296; x_wconf 80' lang='grc' dir='ltr'>κεκτημένον,</span> <span class='ocrx_word' id='word_1_683' title='bbox 1113 5221 1224 5286; x_wconf 79' lang='grc' dir='ltr'>οἷος</span> <span class='ocrx_word' id='word_1_684' title='bbox 1264 5219 1333 5295; x_wconf 86' lang='grc' dir='ltr'>ἦν</span> <span class='ocrx_word' id='word_1_685' title='bbox 1359 5226 1387 5277; x_wconf 93' lang='lat'><strong>6</strong></span> <span class='ocrx_word' id='word_1_686' title='bbox 1432 5222 1573 5288; x_wconf 76' lang='grc' dir='ltr'><strong>Ἰὼϐ,</strong></span> <span class='ocrx_word' id='word_1_687' title='bbox 1601 5223 1694 5275; x_wconf 76' lang='grc' dir='ltr'>καὶ</span> <span class='ocrx_word' id='word_1_688' title='bbox 1724 5225 1821 5293; x_wconf 84' lang='grc' dir='ltr'>τὴν</span> <span class='ocrx_word' id='word_1_689' title='bbox 1874 5222 1971 5277; x_wconf 87' lang='grc' dir='ltr'><strong>τοῦ</strong></span> 
     </span>
    </p>
   </div>
   <div class='ocr_carea' id='block_1_96' title="bbox 402 5300 1975 5389">
    <p class='ocr_par' dir='ltr' id='par_1_96' title="bbox 402 5300 1975 5389">
     <span class='ocr_line' id='line_1_96' title="bbox 402 5300 1975 5389; baseline -0.003 -15"><span class='ocrx_word' id='word_1_690' title='bbox 402 5300 649 5383; x_wconf 77' lang='grc' dir='ltr'>πλείονος</span> <span class='ocrx_word' id='word_1_691' title='bbox 681 5318 979 5389; x_wconf 73' lang='grc' dir='ltr'>ἐπιθυμίαν</span> <span class='ocrx_word' id='word_1_692' title='bbox 1007 5317 1325 5384; x_wconf 78' lang='grc' dir='ltr'>ὲξορίζοντα</span> <span class='ocrx_word' id='word_1_693' title='bbox 1361 5316 1469 5370; x_wconf 81' lang='grc' dir='ltr'>ἀπὸ</span> <span class='ocrx_word' id='word_1_694' title='bbox 1511 5316 1613 5384; x_wconf 74' lang='grc' dir='ltr'>τῆς</span> <span class='ocrx_word' id='word_1_695' title='bbox 1643 5315 1846 5385; x_wconf 80' lang='grc' dir='ltr'>ψυχῆς,</span> <span class='ocrx_word' id='word_1_696' title='bbox 1877 5317 1975 5369; x_wconf 73' lang='grc' dir='ltr'><strong>καὶ</strong></span> 
     </span>
    </p>
   </div>
   <div class='ocr_carea' id='block_1_97' title="bbox 399 5409 1970 5482">
    <p class='ocr_par' dir='ltr' id='par_1_97' title="bbox 399 5409 1970 5482">
     <span class='ocr_line' id='line_1_97' title="bbox 399 5409 1970 5482; baseline -0.004 -16"><span class='ocrx_word' id='word_1_697' title='bbox 399 5413 636 5482; x_wconf 77' lang='grc' dir='ltr'>οὐδαμοῦ</span> <span class='ocrx_word' id='word_1_698' title='bbox 685 5412 784 5482; x_wconf 85' lang='grc' dir='ltr'>τὴν</span> <span class='ocrx_word' id='word_1_699' title='bbox 821 5414 1011 5482; x_wconf 79' lang='grc' dir='ltr'>χρείαν</span> <span class='ocrx_word' id='word_1_700' title='bbox 1043 5410 1446 5478; x_wconf 63' lang='grc' dir='ltr'>ὑπερϊαίνοντα</span> <span class='ocrx_word' id='word_1_701' title='bbox 1474 5412 1572 5479; x_wconf 78' lang='grc' dir='ltr'><strong>την</strong></span> <span class='ocrx_word' id='word_1_702' title='bbox 1621 5409 1931 5475; x_wconf 72' lang='grc' dir='ltr'>ἀναγκαίαν</span> <span class='ocrx_word' id='word_1_703' title='bbox 1958 5429 1970 5443; x_wconf 78' lang='grc' dir='ltr'><strong><em>ο</em></strong></span> 
     </span>
    </p>
   </div>
   <div class='ocr_carea' id='block_1_98' title="bbox 398 5500 1973 5573">
    <p class='ocr_par' dir='ltr' id='par_1_98' title="bbox 398 5500 1973 5573">
     <span class='ocr_line' id='line_1_98' title="bbox 398 5500 1973 5573; baseline -0.004 -14"><span class='ocrx_word' id='word_1_704' title='bbox 398 5505 675 5559; x_wconf 84' lang='grc' dir='ltr'>δείκνυσιν</span> <span class='ocrx_word' id='word_1_705' title='bbox 730 5506 859 5573; x_wconf 66' lang='grc' dir='ltr'>ἡμῖν</span> <span class='ocrx_word' id='word_1_706' title='bbox 903 5502 997 5555; x_wconf 68' lang='grc' dir='ltr'>καὶ</span> <span class='ocrx_word' id='word_1_707' title='bbox 1028 5500 1218 5555; x_wconf 81' lang='grc' dir='ltr'>τοῦτον</span> <span class='ocrx_word' id='word_1_708' title='bbox 1256 5500 1418 5552; x_wconf 68' lang='grc' dir='ltr'>αὑτὸν</span> <span class='ocrx_word' id='word_1_709' title='bbox 1468 5502 1557 5552; x_wconf 80' lang='grc' dir='ltr'>τὸν</span> <span class='ocrx_word' id='word_1_710' title='bbox 1585 5500 1846 5568; x_wconf 82' lang='grc' dir='ltr'>τελώνην,</span> <span class='ocrx_word' id='word_1_711' title='bbox 1882 5503 1973 5553; x_wconf 80' lang='grc' dir='ltr'><strong>τὸν</strong></span> 
     </span>
    </p>
   </div>
   <div class='ocr_carea' id='block_1_99' title="bbox 400 5591 1971 5666">
    <p class='ocr_par' dir='ltr' id='par_1_99' title="bbox 400 5591 1971 5666">
     <span class='ocr_line' id='line_1_99' title="bbox 400 5591 1971 5666; baseline -0.003 -17"><span class='ocrx_word' id='word_1_712' title='bbox 400 5596 609 5666; x_wconf 81' lang='grc' dir='ltr'>σφόδρα</span> <span class='ocrx_word' id='word_1_713' title='bbox 663 5593 1031 5665; x_wconf 82' lang='grc' dir='ltr'>κατεχόμενον</span> <span class='ocrx_word' id='word_1_714' title='bbox 1088 5593 1165 5661; x_wconf 82' lang='grc' dir='ltr'>τῷ</span> <span class='ocrx_word' id='word_1_715' title='bbox 1216 5592 1438 5661; x_wconf 77' lang='grc' dir='ltr'>πυρετῷ</span> <span class='ocrx_word' id='word_1_716' title='bbox 1484 5592 1583 5661; x_wconf 80' lang='grc' dir='ltr'><strong>τῆς</strong></span> <span class='ocrx_word' id='word_1_717' title='bbox 1635 5591 1971 5656; x_wconf 78' lang='grc' dir='ltr'>πλεονεξίας,</span> 
     </span>
    </p>
   </div>
   <div class='ocr_carea' id='block_1_100' title="bbox 400 5681 1971 5756">
    <p class='ocr_par' dir='ltr' id='par_1_100' title="bbox 400 5681 1971 5756">
     <span class='ocr_line' id='line_1_100' title="bbox 400 5681 1971 5756; baseline -0.003 -17"><span class='ocrx_word' id='word_1_718' title='bbox 400 5687 612 5756; x_wconf 81' lang='grc' dir='ltr'>ταχέως</span> <span class='ocrx_word' id='word_1_719' title='bbox 661 5685 1046 5752; x_wconf 64' lang='grc' dir='ltr'>ἀπαλλαγέντα</span> <span class='ocrx_word' id='word_1_720' title='bbox 1078 5688 1271 5735; x_wconf 60' lang='grc' dir='ltr'>τοὰτου</span> <span class='ocrx_word' id='word_1_721' title='bbox 1318 5683 1413 5734; x_wconf 79' lang='grc' dir='ltr'><strong>τοῦ</strong></span> <span class='ocrx_word' id='word_1_722' title='bbox 1458 5681 1734 5753; x_wconf 83' lang='grc' dir='ltr'>πυρετοῦ·</span> <span class='ocrx_word' id='word_1_723' title='bbox 1766 5683 1817 5734; x_wconf 89' lang='grc' dir='ltr'><strong>τί</strong></span> <span class='ocrx_word' id='word_1_724' title='bbox 1862 5682 1971 5751; x_wconf 84' lang='grc' dir='ltr'>γὰρ</span> 
     </span>
    </p>
   </div>
   <div class='ocr_carea' id='block_1_101' title="bbox 402 5771 1973 5845">
    <p class='ocr_par' dir='ltr' id='par_1_101' title="bbox 402 5771 1973 5845">
     <span class='ocr_line' id='line_1_101' title="bbox 402 5771 1973 5845; baseline -0.003 -14"><span class='ocrx_word' id='word_1_725' title='bbox 402 5779 634 5831; x_wconf 80' lang='grc' dir='ltr'>τελώνου</span> <span class='ocrx_word' id='word_1_726' title='bbox 671 5773 1155 5845; x_wconf 85' lang='grc' dir='ltr'>καπηλικώτερον;</span> <span class='ocrx_word' id='word_1_727' title='bbox 1200 5771 1343 5825; x_wconf 77' lang='grc' dir='ltr'>Ἀλλ’</span> <span class='ocrx_word' id='word_1_728' title='bbox 1377 5774 1524 5842; x_wconf 76' lang='grc' dir='ltr'>ὅμως</span> <span class='ocrx_word' id='word_1_729' title='bbox 1546 5772 1771 5841; x_wconf 84' lang='grc' dir='ltr'>γέγονεν</span> <span class='ocrx_word' id='word_1_730' title='bbox 1804 5773 1973 5841; x_wconf 75' lang='grc' dir='ltr'>ἀκτή-</span> 
     </span>
    </p>
   </div>
   <div class='ocr_carea' id='block_1_102' title="bbox 2078 4583 3653 4660">
    <p class='ocr_par' dir='ltr' id='par_1_102' title="bbox 2078 4583 3653 4660">
     <span class='ocr_line' id='line_1_102' title="bbox 2078 4583 3653 4660; baseline 0.002 -21"><span class='ocrx_word' id='word_1_731' title='bbox 2078 4593 2204 4639; x_wconf 90' lang='lat' dir='ltr'><strong>sunt</strong></span> <span class='ocrx_word' id='word_1_732' title='bbox 2232 4584 2363 4651; x_wconf 87' lang='lat' dir='ltr'><strong>Deo,</strong></span> <span class='ocrx_word' id='word_1_733' title='bbox 2410 4584 2607 4653; x_wconf 86' lang='lat' dir='ltr'><strong>inquit.</strong></span> <span class='ocrx_word' id='word_1_734' title='bbox 2655 4583 2770 4638; x_wconf 81' lang='lat' dir='ltr'><strong>Etsi</strong></span> <span class='ocrx_word' id='word_1_735' title='bbox 2838 4585 2984 4640; x_wconf 88' lang='lat' dir='ltr'><strong>enim</strong></span> <span class='ocrx_word' id='word_1_736' title='bbox 3026 4586 3183 4641; x_wconf 80' lang='lat' dir='ltr'><strong>dives</strong></span> <span class='ocrx_word' id='word_1_737' title='bbox 3239 4596 3387 4642; x_wconf 87' lang='lat' dir='ltr'><strong>esset</strong></span> <span class='ocrx_word' id='word_1_738' title='bbox 3436 4589 3653 4660; x_wconf 73' lang='lat' dir='ltr'><strong>aliquis,</strong></span> 
     </span>
    </p>
   </div>
   <div class='ocr_carea' id='block_1_103' title="bbox 2078 4675 3659 4751">
    <p class='ocr_par' dir='ltr' id='par_1_103' title="bbox 2078 4675 3659 4751">
     <span class='ocr_line' id='line_1_103' title="bbox 2078 4675 3659 4751; baseline 0.004 -22"><span class='ocrx_word' id='word_1_739' title='bbox 2078 4683 2254 4740; x_wconf 85' lang='lat' dir='ltr'><strong>potest</strong></span> <span class='ocrx_word' id='word_1_740' title='bbox 2287 4691 2408 4730; x_wconf 89' lang='lat' dir='ltr'><strong>cum</strong></span> <span class='ocrx_word' id='word_1_741' title='bbox 2430 4690 2627 4730; x_wconf 81' lang='lat' dir='ltr'><strong>sanare</strong></span> <span class='ocrx_word' id='word_1_742' title='bbox 2652 4678 2920 4732; x_wconf 82' lang='lat' dir='ltr'><strong>medicus.</strong></span> <span class='ocrx_word' id='word_1_743' title='bbox 2952 4675 3068 4733; x_wconf 85' lang='lat' dir='ltr'><strong>Non</strong></span> <span class='ocrx_word' id='word_1_744' title='bbox 3096 4680 3240 4734; x_wconf 88' lang='lat' dir='ltr'><strong>enim</strong></span> <span class='ocrx_word' id='word_1_745' title='bbox 3294 4682 3498 4737; x_wconf 71' lang='lat' dir='ltr'><strong>divitia:</strong></span> <span class='ocrx_word' id='word_1_746' title='bbox 3534 4699 3659 4751; x_wconf 77' lang='lat' dir='ltr'><strong>per-</strong></span> 
     </span>
    </p>
   </div>
   <div class='ocr_carea' id='block_1_104' title="bbox 2076 4769 3660 4843">
    <p class='ocr_par' dir='ltr' id='par_1_104' title="bbox 2076 4769 3660 4843">
     <span class='ocr_line' id='line_1_104' title="bbox 2076 4769 3660 4843; baseline 0.004 -21"><span class='ocrx_word' id='word_1_747' title='bbox 2076 4769 2232 4833; x_wconf 88' lang='lat' dir='ltr'><strong>dunt,</strong></span> <span class='ocrx_word' id='word_1_748' title='bbox 2267 4770 2363 4824; x_wconf 87' lang='lat' dir='ltr'><strong>sed</strong></span> <span class='ocrx_word' id='word_1_749' title='bbox 2394 4771 2635 4824; x_wconf 87' lang='lat' dir='ltr'><strong>servitus</strong></span> <span class='ocrx_word' id='word_1_750' title='bbox 2663 4775 2931 4826; x_wconf 83' lang='lat' dir='ltr'><strong>bonorum</strong></span> <span class='ocrx_word' id='word_1_751' title='bbox 2970 4773 3395 4830; x_wconf 75' lang='lat' dir='ltr'><strong>etabundautize</strong></span> <span class='ocrx_word' id='word_1_752' title='bbox 3446 4777 3660 4843; x_wconf 83' lang='lat' dir='ltr'><strong>appeti-</strong></span> 
     </span>
    </p>
   </div>
   <div class='ocr_carea' id='block_1_105' title="bbox 2078 4859 3660 4929">
    <p class='ocr_par' dir='ltr' id='par_1_105' title="bbox 2078 4859 3660 4929">
     <span class='ocr_line' id='line_1_105' title="bbox 2078 4859 3660 4929; baseline 0.006 -17"><span class='ocrx_word' id='word_1_753' title='bbox 2078 4869 2183 4914; x_wconf 92' lang='lat' dir='ltr'><strong>tus.</strong></span> <span class='ocrx_word' id='word_1_754' title='bbox 2221 4859 2285 4915; x_wconf 86' lang='lat' dir='ltr'><strong>Et</strong></span> <span class='ocrx_word' id='word_1_755' title='bbox 2306 4859 2582 4929; x_wconf 87' lang='lat' dir='ltr'><strong>quomodo</strong></span> <span class='ocrx_word' id='word_1_756' title='bbox 2615 4860 2731 4916; x_wconf 86' lang='lat' dir='ltr'><strong>tieri</strong></span> <span class='ocrx_word' id='word_1_757' title='bbox 2762 4870 2941 4928; x_wconf 82' lang='lat' dir='ltr'><strong>potest</strong></span> <span class='ocrx_word' id='word_1_758' title='bbox 3000 4874 3061 4915; x_wconf 91' lang='lat' dir='ltr'><strong>ut</strong></span> <span class='ocrx_word' id='word_1_759' title='bbox 3094 4863 3243 4917; x_wconf 84' lang='lat' dir='ltr'><strong>dives</strong></span> <span class='ocrx_word' id='word_1_760' title='bbox 3295 4864 3475 4919; x_wconf 81' lang='lat' dir='ltr'><strong>salvas</strong></span> <span class='ocrx_word' id='word_1_761' title='bbox 3529 4866 3660 4923; x_wconf 81' lang='lat' dir='ltr'><strong>ttat?</strong></span> 
     </span>
    </p>
   </div>
   <div class='ocr_carea' id='block_1_106' title="bbox 2077 4952 3657 5024">
    <p class='ocr_par' dir='ltr' id='par_1_106' title="bbox 2077 4952 3657 5024">
     <span class='ocr_line' id='line_1_106' title="bbox 2077 4952 3657 5024; baseline 0.005 -20"><span class='ocrx_word' id='word_1_762' title='bbox 2077 4952 2384 5007; x_wconf 87' lang='lat' dir='ltr'><strong>communia</strong></span> <span class='ocrx_word' id='word_1_763' title='bbox 2402 4953 2445 5006; x_wconf 86' lang='lat' dir='ltr'><strong>si</strong></span> <span class='ocrx_word' id='word_1_764' title='bbox 2467 4954 2662 5009; x_wconf 81' lang='lat' dir='ltr'><strong>habeat</strong></span> <span class='ocrx_word' id='word_1_765' title='bbox 2677 4968 2774 5007; x_wconf 88' lang='lat' dir='ltr'><strong>sua</strong></span> <span class='ocrx_word' id='word_1_766' title='bbox 2798 4970 2919 5007; x_wconf 86' lang='lat' dir='ltr'><strong>cum</strong></span> <span class='ocrx_word' id='word_1_767' title='bbox 2943 4956 3292 5023; x_wconf 83' lang='lat' dir='ltr'><strong>pauperibus,</strong></span> <span class='ocrx_word' id='word_1_768' title='bbox 3308 4968 3366 5010; x_wconf 89' lang='lat' dir='ltr'><strong>ut</strong></span> <span class='ocrx_word' id='word_1_769' title='bbox 3390 4959 3657 5024; x_wconf 79' lang='lat' dir='ltr'><strong>eratJub;</strong></span> 
     </span>
    </p>
   </div>
   <div class='ocr_carea' id='block_1_107' title="bbox 2076 5046 3654 5113">
    <p class='ocr_par' dir='ltr' id='par_1_107' title="bbox 2076 5046 3654 5113">
     <span class='ocr_line' id='line_1_107' title="bbox 2076 5046 3654 5113; baseline 0.004 -14"><span class='ocrx_word' id='word_1_770' title='bbox 2076 5056 2132 5100; x_wconf 84' lang='lat' dir='ltr'><strong>et</strong></span> <span class='ocrx_word' id='word_1_771' title='bbox 2160 5046 2441 5113; x_wconf 72' lang='lat' dir='ltr'><strong>amplioris</strong></span> <span class='ocrx_word' id='word_1_772' title='bbox 2475 5049 2552 5100; x_wconf 87' lang='lat' dir='ltr'><strong>rei</strong></span> <span class='ocrx_word' id='word_1_773' title='bbox 2607 5047 2960 5113; x_wconf 80' lang='lat' dir='ltr'><strong>cupiditatem</strong></span> <span class='ocrx_word' id='word_1_774' title='bbox 3019 5048 3312 5111; x_wconf 75' lang='lat' dir='ltr'><strong>excludens</strong></span> <span class='ocrx_word' id='word_1_775' title='bbox 3345 5053 3413 5102; x_wconf 84' lang='lat' dir='ltr'><strong>ab</strong></span> <span class='ocrx_word' id='word_1_776' title='bbox 3470 5052 3654 5105; x_wconf 79' lang='lat' dir='ltr'><strong>anima</strong></span> 
     </span>
    </p>
   </div>
   <div class='ocr_carea' id='block_1_108' title="bbox 2076 5137 3656 5213">
    <p class='ocr_par' dir='ltr' id='par_1_108' title="bbox 2076 5137 3656 5213">
     <span class='ocr_line' id='line_1_108' title="bbox 2076 5137 3656 5213; baseline 0.003 -22"><span class='ocrx_word' id='word_1_777' title='bbox 2076 5147 2132 5191; x_wconf 88' lang='lat' dir='ltr'><strong>et</strong></span> <span class='ocrx_word' id='word_1_778' title='bbox 2156 5137 2305 5191; x_wconf 89' lang='lat' dir='ltr'><strong>nullo</strong></span> <span class='ocrx_word' id='word_1_779' title='bbox 2335 5142 2494 5191; x_wconf 83' lang='lat' dir='ltr'><strong>modo</strong></span> <span class='ocrx_word' id='word_1_780' title='bbox 2528 5140 2576 5190; x_wconf 88' lang='lat' dir='ltr'><strong>id</strong></span> <span class='ocrx_word' id='word_1_781' title='bbox 2600 5137 2667 5191; x_wconf 89' lang='lat' dir='ltr'><strong>de</strong></span> <span class='ocrx_word' id='word_1_782' title='bbox 2696 5152 2802 5206; x_wconf 91' lang='lat' dir='ltr'><strong>quo</strong></span> <span class='ocrx_word' id='word_1_783' title='bbox 2832 5138 3038 5206; x_wconf 71' lang='lat' dir='ltr'><strong>indiget</strong></span> <span class='ocrx_word' id='word_1_784' title='bbox 3066 5140 3384 5213; x_wconf 70' lang='lat' dir='ltr'><strong>praeteriens</strong></span> <span class='ocrx_word' id='word_1_785' title='bbox 3409 5156 3656 5195; x_wconf 84' lang='lat' dir='ltr'><strong>necessa-</strong></span> 
     </span>
    </p>
   </div>
   <div class='ocr_carea' id='block_1_109' title="bbox 2078 5228 3657 5297">
    <p class='ocr_par' dir='ltr' id='par_1_109' title="bbox 2078 5228 3657 5297">
     <span class='ocr_line' id='line_1_109' title="bbox 2078 5228 3657 5297; baseline 0.003 -14"><span class='ocrx_word' id='word_1_786' title='bbox 2078 5229 2217 5283; x_wconf 89' lang='lat' dir='ltr'><strong>rium</strong></span> <span class='ocrx_word' id='word_1_787' title='bbox 2252 5245 2268 5296; x_wconf 83' lang='lat'><strong>;</strong></span> <span class='ocrx_word' id='word_1_788' title='bbox 2318 5229 2558 5283; x_wconf 78' lang='lat' dir='ltr'><strong>ostendit</strong></span> <span class='ocrx_word' id='word_1_789' title='bbox 2588 5228 2747 5293; x_wconf 71' lang='lat' dir='ltr'><strong>nobis</strong></span> <span class='ocrx_word' id='word_1_790' title='bbox 2777 5241 2831 5282; x_wconf 89' lang='lat' dir='ltr'><strong>et</strong></span> <span class='ocrx_word' id='word_1_791' title='bbox 2862 5230 3091 5283; x_wconf 86' lang='lat' dir='ltr'><strong>eundem</strong></span> <span class='ocrx_word' id='word_1_792' title='bbox 3125 5230 3467 5297; x_wconf 86' lang='lat' dir='ltr'><strong>publicanum</strong></span> <span class='ocrx_word' id='word_1_793' title='bbox 3503 5233 3657 5288; x_wconf 82' lang='lat' dir='ltr'><strong>valde</strong></span> 
     </span>
    </p>
   </div>
   <div class='ocr_carea' id='block_1_110' title="bbox 2077 5321 3657 5390">
    <p class='ocr_par' dir='ltr' id='par_1_110' title="bbox 2077 5321 3657 5390">
     <span class='ocr_line' id='line_1_110' title="bbox 2077 5321 3657 5390; baseline 0.003 -14"><span class='ocrx_word' id='word_1_794' title='bbox 2077 5333 2296 5390; x_wconf 85' lang='lat' dir='ltr'><strong>captum</strong></span> <span class='ocrx_word' id='word_1_795' title='bbox 2332 5322 2467 5376; x_wconf 73' lang='lat' dir='ltr'><strong>febri</strong></span> <span class='ocrx_word' id='word_1_796' title='bbox 2515 5322 2776 5387; x_wconf 66' lang='lat' dir='ltr'><strong>avaritia),</strong></span> <span class='ocrx_word' id='word_1_797' title='bbox 2812 5321 3067 5377; x_wconf 83' lang='lat' dir='ltr'><strong>velociter</strong></span> <span class='ocrx_word' id='word_1_798' title='bbox 3096 5322 3382 5377; x_wconf 85' lang='lat' dir='ltr'><strong>liberatum</strong></span> <span class='ocrx_word' id='word_1_799' title='bbox 3425 5327 3493 5380; x_wconf 84' lang='lat' dir='ltr'><strong>ab</strong></span> <span class='ocrx_word' id='word_1_800' title='bbox 3550 5325 3657 5381; x_wconf 84' lang='lat' dir='ltr'><strong>hac</strong></span> 
     </span>
    </p>
   </div>
   <div class='ocr_carea' id='block_1_111' title="bbox 2078 5411 3652 5490">
    <p class='ocr_par' dir='ltr' id='par_1_111' title="bbox 2078 5411 3652 5490">
     <span class='ocr_line' id='line_1_111' title="bbox 2078 5411 3652 5490; baseline 0.003 -23"><span class='ocrx_word' id='word_1_801' title='bbox 2078 5415 2238 5468; x_wconf 81' lang='lat' dir='ltr'><strong>febri.</strong></span> <span class='ocrx_word' id='word_1_802' title='bbox 2300 5411 2441 5479; x_wconf 82' lang='lat' dir='ltr'><strong>Quid</strong></span> <span class='ocrx_word' id='word_1_803' title='bbox 2510 5413 2654 5466; x_wconf 87' lang='lat' dir='ltr'><strong>cnim</strong></span> <span class='ocrx_word' id='word_1_804' title='bbox 2720 5414 3013 5481; x_wconf 86' lang='lat' dir='ltr'><strong>publicano</strong></span> <span class='ocrx_word' id='word_1_805' title='bbox 3093 5427 3417 5470; x_wconf 75' lang='lat' dir='ltr'><strong>mercatura:</strong></span> <span class='ocrx_word' id='word_1_806' title='bbox 3479 5422 3652 5490; x_wconf 71' lang='lat' dir='ltr'><strong>linigis</strong></span> 
     </span>
    </p>
   </div>
   <div class='ocr_carea' id='block_1_112' title="bbox 2078 5497 3649 5571">
    <p class='ocr_par' dir='ltr' id='par_1_112' title="bbox 2078 5497 3649 5571">
     <span class='ocr_line' id='line_1_112' title="bbox 2078 5497 3649 5571; baseline 0.004 -15"><span class='ocrx_word' id='word_1_807' title='bbox 2078 5501 2291 5556; x_wconf 86' lang='lat' dir='ltr'><strong>deditus</strong></span> <span class='ocrx_word' id='word_1_808' title='bbox 2316 5500 2340 5553; x_wconf 85' lang='lat'><strong>?</strong></span> <span class='ocrx_word' id='word_1_809' title='bbox 2363 5500 2749 5556; x_wconf 80' lang='lat' dir='ltr'><strong>Verumtamen</strong></span> <span class='ocrx_word' id='word_1_810' title='bbox 2785 5497 2958 5554; x_wconf 66' lang='lat' dir='ltr'><strong>taetris</strong></span> <span class='ocrx_word' id='word_1_811' title='bbox 3005 5512 3089 5554; x_wconf 84' lang='lat' dir='ltr'><strong>est</strong></span> <span class='ocrx_word' id='word_1_812' title='bbox 3117 5504 3237 5557; x_wconf 80' lang='lat' dir='ltr'><strong>sine</strong></span> <span class='ocrx_word' id='word_1_813' title='bbox 3280 5509 3649 5571; x_wconf 75' lang='lat' dir='ltr'><strong>possessione,</strong></span> 
     </span>
    </p>
   </div>
   <div class='ocr_carea' id='block_1_113' title="bbox 2077 5592 3652 5664">
    <p class='ocr_par' dir='ltr' id='par_1_113' title="bbox 2077 5592 3652 5664">
     <span class='ocr_line' id='line_1_113' title="bbox 2077 5592 3652 5664; baseline 0.003 -20"><span class='ocrx_word' id='word_1_814' title='bbox 2077 5606 2278 5664; x_wconf 87' lang='lat' dir='ltr'><strong>pauper</strong></span> <span class='ocrx_word' id='word_1_815' title='bbox 2312 5593 2493 5656; x_wconf 89' lang='lat' dir='ltr'><strong>homo,</strong></span> <span class='ocrx_word' id='word_1_816' title='bbox 2523 5607 2586 5645; x_wconf 88' lang='lat' dir='ltr'><strong>eo</strong></span> <span class='ocrx_word' id='word_1_817' title='bbox 2617 5592 2756 5658; x_wconf 76' lang='lat' dir='ltr'><strong>quod</strong></span> <span class='ocrx_word' id='word_1_818' title='bbox 2784 5593 3048 5646; x_wconf 86' lang='lat' dir='ltr'><strong>obcdierit</strong></span> <span class='ocrx_word' id='word_1_819' title='bbox 3075 5594 3265 5647; x_wconf 80' lang='lat' dir='ltr'><strong>medici</strong></span> <span class='ocrx_word' id='word_1_820' title='bbox 3292 5595 3534 5663; x_wconf 60' lang='lat' dir='ltr'><strong>legibus;</strong></span> <span class='ocrx_word' id='word_1_821' title='bbox 3571 5611 3652 5656; x_wconf 73' lang='lat' dir='ltr'><strong>et.</strong></span> 
     </span>
    </p>
   </div>
   <div class='ocr_carea' id='block_1_114' title="bbox 2077 5684 3653 5753">
    <p class='ocr_par' dir='ltr' id='par_1_114' title="bbox 2077 5684 3653 5753">
     <span class='ocr_line' id='line_1_114' title="bbox 2077 5684 3653 5753; baseline 0.007 -14"><span class='ocrx_word' id='word_1_822' title='bbox 2077 5687 2221 5739; x_wconf 87' lang='lat' dir='ltr'><strong>enim</strong></span> <span class='ocrx_word' id='word_1_823' title='bbox 2256 5684 2552 5753; x_wconf 87' lang='lat' dir='ltr'><strong>discipulos</strong></span> <span class='ocrx_word' id='word_1_824' title='bbox 2591 5701 2686 5739; x_wconf 89' lang='lat' dir='ltr'><strong>cos</strong></span> <span class='ocrx_word' id='word_1_825' title='bbox 2717 5685 2905 5739; x_wconf 83' lang='lat' dir='ltr'><strong>habuit</strong></span> <span class='ocrx_word' id='word_1_826' title='bbox 2927 5685 3183 5740; x_wconf 78' lang='lat' dir='ltr'><strong>Christus</strong></span> <span class='ocrx_word' id='word_1_827' title='bbox 3211 5687 3401 5744; x_wconf 87' lang='lat' dir='ltr'><strong>iisdem</strong></span> <span class='ocrx_word' id='word_1_828' title='bbox 3427 5690 3653 5750; x_wconf 76' lang='lat' dir='ltr'><strong>atiectos</strong></span> 
     </span>
    </p>
   </div>
   <div class='ocr_carea' id='block_1_115' title="bbox 2079 5774 3653 5849">
    <p class='ocr_par' dir='ltr' id='par_1_115' title="bbox 2079 5774 3653 5849">
     <span class='ocr_line' id='line_1_115' title="bbox 2079 5774 3653 5849; baseline 0.004 -20"><span class='ocrx_word' id='word_1_829' title='bbox 2079 5775 2284 5830; x_wconf 88' lang='lat' dir='ltr'><strong>tuorbis</strong></span> <span class='ocrx_word' id='word_1_830' title='bbox 2322 5790 2384 5829; x_wconf 88' lang='lat' dir='ltr'><strong>ac</strong></span> <span class='ocrx_word' id='word_1_831' title='bbox 2414 5788 2511 5829; x_wconf 85' lang='lat' dir='ltr'><strong>nos</strong></span> <span class='ocrx_word' id='word_1_832' title='bbox 2561 5784 2616 5828; x_wconf 87' lang='lat' dir='ltr'><strong>et</strong></span> <span class='ocrx_word' id='word_1_833' title='bbox 2674 5784 2836 5849; x_wconf 83' lang='lat' dir='ltr'><strong>sanat</strong></span> <span class='ocrx_word' id='word_1_834' title='bbox 2886 5789 2979 5830; x_wconf 85' lang='lat' dir='ltr'><strong>eos</strong></span> <span class='ocrx_word' id='word_1_835' title='bbox 3033 5774 3327 5841; x_wconf 84' lang='lat' dir='ltr'><strong>velociter;</strong></span> <span class='ocrx_word' id='word_1_836' title='bbox 3360 5784 3414 5831; x_wconf 75' lang='lat' dir='ltr'><strong>ct.</strong></span> <span class='ocrx_word' id='word_1_837' title='bbox 3464 5794 3653 5836; x_wconf 76' lang='lat' dir='ltr'><strong>eorum</strong></span> 
     </span>
    </p>
   </div>
  </div>
