4048 6460
359 443 465 508 965

1740 456 2074 520 Ε’[ῊΙΟΟΝ
2120 464 2215 524 1V.

3518 480 3622 545 9(ῖῦ

359 562 494 634 σύν-ῃ
526 563 614 616 καὶ
672 564 947 635 ἐπιεικείᾳ
1010 567 1102 619 καὶ
1155 568 1304 638 φόϐῳ
1354 569 1489 638 πρὸς
1529 569 1663 624 Θεὸν
1696 573 1910 645 ἐρῤιζω

2037 578 2211 633 destia
2238 588 2293 635 et
2329 578 2521 635 timore
2553 582 2604 634 in
2656 582 2823 637 Deum
2864 584 3127 661 radicato,
3173 596 3226 641 et
3263 592 3533 659 precibus,
3564 609 3620 650 et

357 655 528 723 μένῳ,
560 655 660 706 καὶ
707 657 830 718 ταῖς
856 658 1044 726 εὐχαῖς
1093 659 1189 711 καὶ
1236 661 1358 722 ταῖς
1387 661 1808 730 ὲλεημοσύναις,
1839 668 1933 720 καὶ

353 749 419 818 τῇ
472 748 610 817 πρὸς
662 749 930 818 ἀλλήλους
974 752 1230 824 ὁμονοίας
1269 755 1396 816 τοὺς
1452 757 1787 820 ἀποστόλους
1841 762 1934 813 καὶ

352 841 479 901 τοὺς
505 844 796 912 προτήτας
824 844 1040 912 ἔχοντες
1071 848 1221 915 ἡμᾶς
1251 848 1676 921 ἀποσμήχοντας
1704 853 1794 906 διὰ
1823 853 1932 910 τῶν

351 932 700 1000 διδαγμάτων
754 935 958 1000 αὐτῶν,
999 937 1341 1002 ἀποξύοντας
1389 941 1490 1009 τῆς
1540 944 1816 1014 ἁμαρτίας
1872 948 1935 1000 τὸ

351 1022 553 1089 γῆρας,
586 1023 902 1091 ἐπάγοντας
944 1027 1045 1097 τῆς
1089 1030 1344 1098 νεότητος
1377 1032 1477 1102 τὴν
1504 1033 1712 1103 ἀκμὴν,
1750 1037 1931 1090 πᾶσαν

349 1115 567 1183 κηλῖδα,
601 1119 786 1169 πᾶσαν
822 1119 1035 1187 ῥυτίδα,
1084 1121 1264 1173 πάντα
1318 1124 1512 1177 σπίλον
1566 1127 1932 1191 ἐκϐάλλοντας

348 1208 447 1277 τῆς
480 1210 754 1279 ἡμετέρας
780 1211 989 1282 ψυχῆς,
1023 1214 1117 1266 καὶ
1151 1214 1347 1278 κάλλος
1382 1218 1670 1287 ἀμήχανον
1697 1219 1932 1273 ἐντιθέν-

348 1317 444 1363 τας
485 1302 646 1372 αὐτῇ,
686 1304 777 1355 καὶ
817 1306 1069 1374 κρεῖττον
1123 1306 1309 1376 πολλῷ
1342 1307 1420 1377 τῷ
1471 1310 1659 1380 μέτρῳ
1687 1310 1783 1364 τοῦ
1821 1310 1928 1365 σώ-

354 1410 523 1461 ματος
560 1396 831 1459 κάλλους·
863 1399 925 1449 τὸ
984 1398 1088 1467 μὲν
1131 1400 1240 1467 γὰρ
1290 1401 1386 1454 τοῦ
1443 1399 1696 1472 σώματος
1734 1404 1929 1469 κάλλος

349 1486 448 1537 καὶ
478 1488 632 1550 νόσος
670 1489 936 1558 ἐμάρανε,
975 1493 1071 1547 καὶ
1123 1492 1329 1563 πλῆθος
1374 1495 1568 1564 χρόνου
1623 1494 1932 1567 ὄιέφθιιρε,·

345 1580 440 1633 καὶ
464 1580 645 1648 γῆρας
670 1582 885 1647 ἔσϐεσε,
908 1586 1002 1637 κα)⁸
1021 1586 1251 1650 θάνατος
1276 1587 1520 1640 ἐπελθὼν
1550 1587 1697 1643 ἅπαν
1723 1592 1928 1644 ἀνεῖλε’

343 1673 404 1722 τὸ
436 1672 493 1724 δὲ
536 1677 638 1743 τῆς
668 1675 849 1745 ψυχῆς
883 1677 944 1730 οὐ
981 1678 1153 1741 νόσος.
1183 1678 1243 1731 οὐ
1293 1680 1509 1749 χρόνος,
1534 1681 1595 1734 οὐ
1628 1682 1828 1750 γῆρας,
1863 1684 1925 1737 οὐ

346 1760 599 1826 θάνατος,
629 1766 731 1818 οὐκ
762 1766 898 1832 ,ἄλλο
924 1770 1035 1822 τῶν
1066 1771 1327 1826 τοιούτων
1372 1774 1527 1826 οὐδὲν
1561 1773 1925 1844 λυμαίνεσθαι

276 1914 281 1919 ο
340 1853 592 1919 δύναται,
641 1857 779 1911 ἀλλὰ
816 1860 970 1927 μένει
1007 1861 1276 1931 διηνεκῶς
1325 1864 1562 1918 ἀνθοῦν·
1595 1868 1781 1921 καὶτὸ
1827 1869 1927 1938 μὲν

338 1946 434 1998 τοῦ
488 1948 766 2017 σώματος,
816 1954 948 2016 τοὺς
992 1955 1238 2024 ὁρῶντας
1282 1957 1365 2020 εἰς
1400 1958 1703 2013 ἀκολασίαν
1757 1963 1924 2013 ἐκκα-
1960 1943 1999 1997 Β

338 2036 517 2091 λείται
542 2042 803 2107 πολλάκις
826 2061 839 2072 ·
873 2046 936 2098 τὸ
963 2046 1023 2100 δὲ
1055 2048 1155 2116 τῆς
1184 2047 1364 2119 ψυχῆς
1397 2051 1617 2116 κάλλος,
1641 2051 1803 2104 αὑτὸν
1828 2053 1920 2104 τὸν

339 2129 472 2182 Θεὸν
497 2133 633 2201 πρὸς
662 2135 755 2187 τὸν
779 2139 982 2190 οἰκεῖον
1006 2140 1189 2209 ἔρωτα
1217 2141 1522 2196 ἐπισπᾶται
1543 2160 1559 2177 ’
1586 2144 1728 2198 καθά
1750 2162 1921 2214 φησιν

336 2225 365 2276 ὁ
408 2225 711 2298 Προφήτης
752 2232 889 2300 πρὸς
932 2234 1036 2303 τὴν
1069 2235 1397 2306 Ἐκκλησίαν
1441 2236 1848 2308 διαλεγόμενος,
1882 2239 1918 2309 ἦ

338 2329 425 2377 τις
487 2319 607 2371 ἐστὶ
655 2320 717 2373 τὸ
773 2324 886 2377 τῶν
924 2329 1137 2380 πιστῶν
1184 2331 1345 2400 ἡμῶν
1394 2332 1543 2385 ἅπαν
1594 2333 1918 2403 πλήρωμα⁶

345 2410 640 2476 Ἀκουσον,
673 2413 936 2487 θύγατερ,
963 2419 1061 2473 καὶ
1098 2421 1194 2486 ῐδε,
1233 2424 1329 2476 καί
1363 2423 1546 2476 κλῖνον
1580 2424 1641 2477 τὸ
1671 2423 1761 2487 οὓς
1796 2442 1916 2489 σου,

336 2505 433 2553 καὶ
472 2505 814 2579 ἐπιθυμήσει
844 2513 871 2562 ὁ
917 2510 1178 2580 βασιλεὺς
1212 2515 1308 2567 τοῦ
1338 2516 1570 2581 κάλλους
1597 2535 1713 2571 σου.
1747 2511 1822 2572 Οἵ)
1853 2520 1917 2591 δὴ

334 2594 571 2661 κάλλους
615 2602 777 2669 ἡμεῖς
810 2607 1289 2675 καταφρονοῦντες
1329 2610 1551 2674 ἀθλίως,
1599 2613 1660 2665 οὑ
1703 2613 1914 2666 καλλω-

334 2688 569 2757 πεζομεν
596 2693 755 2762 ἡμῶν
783 2694 884 2767 τὴν
908 2697 1111 2768 ψυχὴν,
1139 2701 1215 2763 ὡς
1241 2673 1420 2762 ε’ἶπον,
1452 2702 1553 2755 οὐκ
1582 2702 1916 2755 ἐπισκοποῦ-

2043 670 2406 741 cleemosyuis
2437 682 2490 727 et
2518 672 2574 726 in
2609 673 2841 728 invicem
2871 678 3196 732 concordia?
3241 680 3533 748 Apostolos
3565 696 3630 742 et»

2045 764 2339 833 prophetas
2368 766 2650 834 habentes,
2672 767 3049 839 abstergeutes
3075 786 3172 827 nos
3193 773 3458 831 doctrinis
3479 778 3614 843 suis,

2041 852 2269 906 scabere
2306 856 2514 921 peccati
2547 867 2910 921 Senectutem,
2962 854 3283 918 indecentes
3310 864 3620 931 iuventutis

2041 943 2252 1005 ﬂorem,
2303 958 2517 999 omnem
2584 947 2782 1013 labem,
2835 965 3051 1005 omnem
3133 968 3358 1023 rugam,
3400 971 3618 1012 omnem

2040 1035 2258 1089 sordem
2315 1036 2599 1105 ejicientes
2631 1054 2693 1091 ex
2726 1039 2910 1092 anima
2949 1050 3136 1096 nostra
3183 1054 3236 1098 et
3261 1047 3620 1114 pulchritudio

2040 1144 2162 1182 neut
2197 1129 2459 1183 inﬁnitam
2488 1132 2800 1199 ingerentes
2825 1132 2896 1197 ei,
2922 1142 2977 1187 et
3002 1136 3282 1191 meliorem
3300 1141 3621 1193 omnimodo

2038 1223 2284 1291 corporis
2307 1226 2513 1292 specie.
2551 1225 2901 1281 Pulehritudo
2947 1229 3090 1283 enim
3122 1235 3372 1301 corporis
3422 1233 3618 1290 morbo

2038 1316 2394 1378 etuarcescit,
2459 1327 2519 1372 et
2598 1319 2754 1387 copia
2821 1323 3082 1389 temporis
3136 1328 3526 1394 corrumpitur,
3585 1344 3616 1381 e

2037 1420 2323 1464 senectute
2347 1412 2738 1482 exstinguitur,
2769 1422 2823 1465 et
2853 1424 3028 1468 morte
3051 1420 3471 1484 superveniente
3505 1431 3615 1475 tota

2039 1503 2367 1557 destruitur.
2413 1505 2627 1559 Auitum
2664 1520 2796 1560 vero
2843 1505 3016 1561 forma
3064 1524 3177 1563 non
3237 1512 3448 1572 morbo,
3509 1507 3613 1565 nou

2038 1602 2305 1662 tempore,
2348 1612 2452 1649 non
2478 1608 2787 1665 senectute,
2826 1618 2934 1656 non
2967 1613 3161 1664 morte,
3214 1617 3319 1656 nou
3354 1603 3458 1657 alia
3506 1603 3614 1658 ulla

2038 1701 2096 1739 re
2125 1687 2290 1741 simili
2310 1691 2547 1745 deterior
2578 1690 2692 1745 fieri
2720 1703 2919 1761 potest,
2954 1696 3046 1748 sed
3080 1704 3326 1748 remanet
3354 1707 3616 1763 perpetuo

2035 1777 2258 1834 ﬂoreus.
2288 1779 2352 1834 Et
2380 1796 2444 1835 ea
2471 1787 2722 1851 corporis
2756 1782 2933 1837 forma
2981 1784 3316 1854 aspicientes
3362 1785 3430 1837 ad
3493 1786 3614 1839 libi—

2034 1871 2215 1926 dinem
2264 1873 2435 1929 allicit
2481 1889 2646 1942 saepe,
2699 1876 2898 1930 animae
2930 1892 3061 1930 vero
3102 1878 3277 1944 ipsum
3327 1875 3494 1931 Deum
3542 1880 3610 1931 ad

2029 1964 2112 2017 sui
2144 1978 2389 2019 amorem
2425 1967 2673 2033 attrahit,
2711 1966 2868 2037 juxta
2911 1967 3041 2022 illud
3070 1967 3214 2035 quod
3238 1969 3313 2021 ait
3345 1969 3610 2037 propheta

2029 2051 2330 2107 Ecclesiam
2381 2055 2686 2124 alloquens,
2723 2072 2844 2125 quae
2887 2067 2970 2110 est
3021 2057 3143 2111 lidei
3183 2067 3380 2112 nostra:
3429 2061 3609 2112 omnis

2029 2145 2354 2214 plenitudo:
2393 2148 2557 2211 Audi,
2600 2148 2731 2214 tilia,
2788 2158 2842 2203 et
2876 2147 3020 2214 vide,
3062 2158 3117 2203 et
3170 2150 3371 2203 inclina
3420 2164 3608 2202 aurem

2032 2250 2217 2303 tuaui;
2269 2249 2324 2294 et
2373 2242 2731 2309 concupiscet
2777 2256 2872 2295 rex
2923 2242 3172 2295 decorem
3211 2252 3385 2295 tuum.
3432 2243 3602 2309 Quam

2026 2333 2492 2403 pulchritudinem
2537 2348 2637 2387 nos
2678 2333 3042 2401 despicientes
3085 2332 3306 2397 misere,
3352 2350 3457 2387 non
3508 2335 3604 2388 de-

2026 2438 2284 2479 coramus
2314 2434 2554 2479 nostram
2588 2425 2847 2488 animam,
2875 2435 2932 2477 ut
2957 2423 3091 2479 dixi.
3120 2424 3240 2478 Non
3283 2425 3604 2492 inspicimus

2024 2517 2282 2573 continuo
2315 2517 2606 2586 imaginem
2638 2516 2858 2570 virtutis
2885 2557 2901 2582 ,
2936 2525 2993 2571 et
3041 2520 3285 2571 membra
3336 2517 3453 2586 ejus
3486 2517 3605 2571 edi-

2024 2609 2230 2665 si-imus
2255 2617 2308 2662 et
2337 2615 2502 2675 caput
2526 2622 2542 2660 :
2576 2607 2777 2661 etenim
2801 2617 2855 2663 et
2881 2615 3044 2676 caput
3075 2607 3239 2662 habet
3266 2619 3322 2661 et
3357 2610 3600 2662 membra

2023 2701 2216 2772 quovis
2246 2714 2475 2769 corpore
2506 2700 2754 2770 specioso
2782 2709 2836 2753 et
2873 2699 3095 2768 pulchro
3138 2699 3485 2755 formosiora.

336 2797 440 2848 μεν
476 2787 717 2855 συνεχῶς
745 2790 846 2857 τὴν
879 2793 1066 2847 εἰκόνα
1116 2794 1222 2864 τῆς
1270 2796 1494 2865 ἀρετῆς,
1530 2794 1627 2848 καὶ
1654 2795 1725 2849 τὰ
1772 2796 1910 2865 μέλη
1953 2795 2126 2866 αὐτῆς
2156 2791 2683 2862 καταμανθάνομεν,
2727 2793 2824 2844 καὶ
2866 2792 2966 2862 τὴν
3031 2792 3278 2863 κεφαλήν
3302 2806 3318 2822 °
3350 2792 3445 2847 καὶ
3496 2792 3606 2862 γὰρ

332 2873 428 2925 καὶ
478 2878 722 2945 κεφαλὴν
775 2880 890 2953 ἔχει
925 2887 1020 2938 καὶ
1054 2885 1197 2955 μέλη
1238 2887 1439 2949 παντὸς
1487 2886 2007 2956 σώματοςίεύειδοῦς
2035 2889 2134 2939 καὶ
2161 2887 2327 2940 καλοῦ
2352 2886 2790 2955 εὐπρεπέστερα.

402 3055 470 3125 β’.
495 3056 589 3118 Τίς
616 3056 710 3110 οὖν
736 3060 769 3127 ἡ
799 3061 1015 3130 κεφαλὴ
1039 3062 1138 3131 τῆς
1164 3063 1365 3134 ἀρετῆς
1388 3083 1581 3137 φησιν;
1616 3068 1685 3122 Ἠ
1716 3083 1908 3120 ταπει-

328 3151 634 3219 νοφροσύνη
662 3168 677 3183 ’
705 3151 786 3205 διὸ
830 3155 928 3207 καὶ
958 3156 1056 3208 ἀπ’
1081 3154 1253 3224 αὐτῆς
1281 3156 1310 3208 ὁ
1357 3158 1597 3227 Χριστὸς
1654 3158 1905 3229 ἄρχεται,

326 3240 504 3308 λέγων
524 3261 540 3276 ·
569 3246 855 3314 Μακάριοι
883 3248 934 3300 οἱ
979 3250 1188 3319 πτωχοὶ
1236 3248 1317 3320 τῷ
1358 3250 1665 3321 πνεύματι·
1698 3250 1841 3321 αὕτη
1871 3253 1902 3323 ή

2074 3066 2132 3120 2.
2173 3064 2326 3131 Quod
2354 3081 2483 3137 ergo
2533 3075 2699 3137 caput
2731 3075 2818 3121 est
2861 3067 3129 3123 virtutis?
3173 3068 3369 3137 inquit.
3414 3068 3602 3125 linmi-

2005 3159 2133 3214 litas
2165 3161 2307 3223 ideo,
2344 3171 2402 3214 et
2436 3159 2505 3214 ab
2542 3174 2605 3213 ea
2633 3160 2888 3214 Christus
2934 3160 3127 3228 incipit
3162 3159 3357 3216 dicens
3389 3179 3403 3215 :
3443 3161 3595 3218 Beati

2005 3264 2272 3321 pauperes
2300 3250 2520 3319 Spiritu.
2558 3249 2674 3304 Hoc
2726 3259 2893 3320 caput
2935 3266 3043 3305 non
3095 3251 3374 3307 caesariem
3433 3254 3598 3306 hah-t

327 3337 541 3402 κεφαλὴ
574 3338 634 3389 οὐ
670 3337 846 3407 κόμας
878 3339 992 3410 ἔχει
1025 3343 1120 3394 καὶ
1156 3342 1505 3414 βοστρύχους,
1539 3345 1678 3398 ἀλλὰ
1706 3346 1904 3408 κάλλος

2016 3358 2111 3398 nec
2149 3343 2451 3406 cincinnos,
2493 3342 2586 3396 sed
2619 3342 2780 3396 tatem
2835 3342 3292 3402 pulchritudinem
3330 3353 3391 3397 ut
3430 3342 3596 3398 Deum

324 3429 598 3493 τοιοῦτον,
646 3429 760 3485 οἷον
813 3436 905 3487 τὸν
948 3436 1084 3489 Θεὸν
1135 3441 1573 3496 ἐπισπάσασθαι.
1611 3442 1738 3495 Ἐπὶ
1785 3449 1907 3496 τινα

326 3523 434 3591 γὰρ
458 3524 759 3592 ἐπιῦλέψω,
788 3529 977 3597 φησὶν,
1002 3529 1121 3582 ἀλλ’
1150 3531 1180 3600 ἢ
1210 3531 1305 3584 ἐπὶ
1331 3533 1424 3585 τὸν
1447 3535 1625 3601 πρᾶον
1655 3535 1750 3587 καὶ
1774 3535 1907 3606 ἡσύ-

324 3636 444 3688 χιον
480 3621 574 3673 κα¹ι
622 3623 903 3691 τρέμοντά
965 3641 1067 3694 μου
1103 3626 1229 3689 τοὺς
1268 3627 1502 3694 λόγους;
1544 3629 1655 3681 Καῒ⁵
1686 3630 1863 3701 πάλιν
1888 3645 1904 3663 ’

323 3713 389 3763 Oi
435 3711 709 3781 ὀφθαλμοί
766 3732 871 3784 μου
925 3718 1018 3770 ἐπὶ
1058 3717 1184 3780 τοὺς
1227 3721 1427 3787 πραεῖς
1467 3720 1571 3788 τῆς
1626 3721 1904 3791 γῆς.2Καὶ

322 3801 521 3865 αὖθις·
588 3804 787 3872 Ἐγγὺς
843 3806 1050 3877 Κύριος
1088 3811 1201 3872 τοῖς
1264 3801 1749 3881 συντετριμμένοις
1804 3813 1906 3882 τὴν

321 3894 577 3963 καρδίαν,
612 3898 705 3950 καὶ
731 3898 861 3962 τοὺς
888 3902 1185 3965 ταπεινοὺς
1222 3906 1499 3972 πνεύματι
1527 3904 1712 3959 σώσει.
1750 3906 1902 3975 Αὕτη

318 3989 353 4057 ἡ
397 3988 611 4059 κεφαλὴ
642 3991 764 4044 ἀντὶ
794 3991 998 4062 τριχῶν
1028 3994 1124 4047 καὶ
1153 3994 1354 4066 κόμης,
1389 3995 1607 4063 θύματα
1638 3999 1795 4066 φέρει
1824 3999 1902 4068 τάξ)

318 4078 437 4147 Θεῷ
480 4081 891 4151 κεχαρισμέναο
945 4083 1131 4152 βωμός
1171 4087 1289 4137 ἐστι
1321 4086 1558 4155 χρυσοῦς
1586 4086 1681 4139 καὶ
1710 4086 1900 4139 θυσια-

318 4167 546 4236 στήριον
585 4170 997 4237 πνευματικόν·
1048 4172 1221 4224 Θυσία
1265 4174 1374 4243 γὰρ
1404 4173 1481 4243 τῷ
1529 4173 1649 4243 Θεῷ
1682 4173 1902 4240 πνεῦμα

319 4261 814 4329 συντετριμμένον.
854 4261 1005 4331 Αὕτη
1038 4265 1188 4315 ἐστὶν
1214 4266 1246 4334 ἡ
1276 4268 1376 4328 τῆς
1422 4266 1617 4333 σοφίας
1667 4272 1855 4336 μήτηρ
1882 4284 1897 4299 ·

317 4347 387 4400 ἂν
415 4349 623 4420 ταύτην
652 4350 750 4422 ἔχῃ
772 4369 881 4415 τις,
904 4353 997 4406 atati.
1022 4355 1090 4406 τὰ
1120 4355 1285 4407 λοιπὰ
1304 4354 1416 4421 ἕξει
1443 4371 1457 4387 ⁸
1486 4351 1624 4419 εἶδες
1655 4357 1898 4429 κεφαλὴν

315 4440 438 4493 οἵαν
480 4441 740 4496 οὐδέποτε
772 4441 934 4507 εἶδες.
972 4444 1161 4499 Βούλει
1192 4448 1374 4501 καὶτὸ
1404 4448 1696 4518 πρόσωπον
1745 4452 1898 4506 ἰδεῖν.

319 4531 526 4601 μᾶλλον
548 4533 602 4586 δὲ
636 4534 866 4602 μαθεῖν;
892 4537 1103 4591 Οὐκοῦν
1133 4538 1271 4600 μάθε
1305 4540 1441 4603 τέως
1471 4541 1638 4593 αὑτοῦ
1662 4542 1722 4593 τὸ
1752 4542 1899 4611 χρῶ-

317 4642 398 4695 μα
428 4626 489 4678 τὸ
537 4627 770 4696 ἐρυθρὸν
819 4629 913 4681 καλ⁹
964 4630 1191 4692 εὐανθὲς
1249 4633 1342 4684 καὶ
1384 4634 1586 4704 πολλὴν
1618 4634 1741 4703 ἕχον
1795 4635 1894 4705 τὴν
1926 4672 1971 4726 D

311 4719 475 4784 χάριν
503 4734 515 4746 ’
549 4719 644 4768 καὶ
694 4718 832 4784 μάθε
863 4718 1033 4773 πόθεν
1060 4722 1380 4773 συνίσταται
1403 4739 1418 4753 ·
1450 4723 1613 4775 πόθεν
1642 4720 1734 4775 οὖν
1766 4739 1895 4775 συν-

314 4809 563 4873 ίσταται;
594 4810 704 4862 ἀπὸ
752 4808 845 4863 τοῦ
887 4809 1347 4882 αἱσχύνεσθαικαὶ
1373 4813 1636 4884 ἐρυθριᾷν
1663 4831 1677 4845 ο
1700 4815 1779 4867 διὸ
1802 4816 1895 4868 καὶ

306 4916 396 4961 τις
438 4903 594 4968 φησὶ,
652 4903 763 4972 Πρὸ
815 4903 1187 4973 αἰσχυντηροῦ
1241 4904 1637 4971 προελεύσεται
1689 4907 1888 4976 χάρις’

307 4994 472 5049 τοῦτο
501 4999 593 5049 καὶ
620 4999 733 5050 τῶν
779 4998 959 5052 ἄλλων
990 4999 1169 5066 μελῶν
1202 4999 1339 5051 πολὺ
1388 5001 1618 5067 καταχεί
1649 4998 1708 5051 τὸ
1760 5000 1890 5052 κάλ-

307 5087 440 5150 λος·
481 5087 583 5141 κᾶν
620 5089 790 5159 μυρία
846 5090 1009 5160 μίξῃς
1037 5089 1329 5161 χρώματα,
1372 5090 1473 5142 οὒκ
1522 5088 1735 5161 ἐργάσῃ
1777 5105 1889 5142 τοι·

307 5179 483 5248 αύτην
541 5179 714 5249 ὥραν.
764 5181 825 5233 Et
876 5183 932 5234 δὲ
990 5181 1086 5234 καὶ
1129 5184 1255 5244 τοὺς
1308 5180 1617 5251 ὀφθαλμοῖις
1679 5181 1885 5244 ἐθέλεις

310 5270 464 5332 ἰδεῖν,
503 5270 605 5338 ὅρα
658 5271 983 5339 κοσμιότητι
1034 5270 1130 5324 καὶ
1169 5270 1493 5340 σωφροσύνῃ
1539 5271 1676 5340 μετᾶ
1721 5273 1884 5343 ἀκρι-

305 5357 462 5421 ϐείας
518 5360 1073 5429 ὑπογεγραμμένους.
1127 5359 1220 5412 Διὸ
1269 5364 1361 5413 καὶ
1407 5360 1550 5414 οὕτω
1593 5359 1749 5414 δια).οὶ
1788 5361 1883 5414 καὶ

304 5449 618 5520 ὀξυδερκεῖς
649 5452 917 5517 γίνονται,
941 5451 1016 5514 ὡς
1048 5452 1145 5504 καὶ
1167 5453 1331 5505 αὐτὸν
1359 5454 1448 5505 τὸν
1475 5454 1678 5521 Κύριον
1707 5456 1840 5525 ὁρᾷν
1865 5469 1879 5484 ·

302 5543 589 5609 Μακάριοι
644 5544 779 5613 γὰρ,
832 5550 1020 5614 φησὶν,
1053 5546 1101 5597 oi
1139 5545 1375 5614 καθαροὶ
1404 5550 1471 5615 τῇ
1523 5546 1744 5615 καρδίᾳ,
1798 5549 1880 5599 ὅτι

302 5633 459 5686 αὐτοὶ
492 5631 582 5685 τὸν
615 5635 748 5686 Θεὸν
778 5634 1041 5704 ὄψονται·
1074 5634 1250 5702 στόμα
1279 5635 1334 5689 δὲ
1363 5637 1554 5704 αὐτῆς,
1588 5638 1748 5703 σοφία
1784 5640 1879 5690 καὶ

302 5722 547 5789 σύνεσις,
578 5728 671 5779 καὶ
701 5726 762 5779 τὸ
798 5727 1203 5798 πνευματικοὺς
1242 5729 1443 5795 ὕμνους
1471 5729 1699 5781 εἰδέναι·
1736 5746 1874 5799 καρ-

296 5814 389 5867 δία
438 5815 518 5881 δὲ,
568 5815 801 5885 Γραφῶν
833 5816 1117 5889 ἐμπειρία,
1151 5818 1246 5868 καὶ
1287 5819 1574 5886 δογμάτων
1624 5819 1870 5887 ἀκριϐῶν

549 5919 814 5977 i’ATnoL.
850 5918 964 5974 (in.
1000 5908 1269 5975 CXLlX.

2009 3436 2276 3490 attrahat.
2304 3435 2480 3504 Super
2512 3450 2671 3503 quem
2709 3435 2856 3490 enim
2889 3435 3177 3503 aspiciam,
3230 3436 3431 3506 inquit,
3485 3437 3589 3490 nisi

2010 3545 2176 3594 super
2208 3538 2562 3582 mansuetum
2594 3537 2652 3582 et
2696 3528 3010 3598 pacificum,
3063 3537 3119 3583 et
3155 3528 3434 3583 timentem
3482 3545 3599 3585 ενι·-

2011 3635 2199 3674 mones
2234 3620 2420 3674 meos?
2448 3618 2514 3674 Et
2542 3635 2728 3676 rursus
2762 3636 2777 3673 :
2805 3619 2960 3675 Oculi
3000 3621 3105 3674 mei
3154 3635 3317 3689 super
3343 3636 3594 3676 mansuc-

2011 3721 2096 3763 tos
2130 3721 2305 3762 terrre.
2340 3708 2407 3762 Et
2436 3708 2615 3763 denuo
2647 3726 2663 3764 :
2704 3708 2877 3776 Prope
2903 3717 2990 3764 est
3026 3709 3291 3764 Dominus
3323 3711 3596 3765 contritas

2007 3802 2171 3855 corde
2203 3810 2256 3853 et
2282 3801 2520 3855 humiles
2553 3801 2748 3869 spiritu
2781 3802 2966 3856 salvos
2999 3800 3178 3856 faciet.
3220 3801 3402 3868 Ipsum
3430 3814 3594 3864 eaput

2008 3907 2106 3960 pro
2129 3891 2341 3960 capillis
2387 3902 2442 3946 et
2491 3894 2719 3946 caesarie
2752 3892 3001 3948 victimas
3054 3892 3159 3947 fert
3209 3892 3320 3947 Deo
3354 3904 3586 3960 gratas:

2006 3985 2178 4037 altare
2228 3992 2314 4037 est
2363 3997 2588 4035 aureum
2618 3991 2695 4037 ‘et
2753 3998 2847 4036 ara
2899 3984 3183 4052 spiritalis.
3242 3982 3586 4037 Sacr-ilicium

2004 4075 2150 4128 enim
2187 4073 2300 4128 Deo
2335 4075 2563 4141 spiritus
2596 4075 3013 4128 contribulatus.
3039 4073 3160 4142 Ipsa
3188 4086 3269 4128 est
3299 4076 3587 4142 sapientius

2006 4175 2215 4221 mater:
2252 4166 2296 4219 si
2333 4167 2453 4234 quis
2488 4180 2607 4219 eam
2659 4166 2843 4229 habet,
2879 4176 2934 4218 et
2964 4175 3160 4218 caetera
3208 4164 3454 4219 habebit.
3498 4166 3586 4217 Vi-

2003 4259 2128 4314 disti
2166 4267 2328 4327 caput.
2361 4259 2521 4326 quale
2554 4273 2830 4328 nunquam
2868 4257 3067 4320 vidisti,
3102 4258 3256 4311 visne
3295 4267 3351 4312 et
3386 4259 3578 4311 faciem

2004 4353 2209 4413 videre,
2258 4352 2440 4418 potius
2489 4367 2614 4405 vero
2646 4351 2904 4404 discere?
2950 4351 3108 4405 Disce
3137 4366 3267 4419 ergo
3295 4366 3465 4420 usque
3514 4352 3579 4403 ad

2008 4441 2131 4511 ejus
2171 4441 2408 4498 colorem
2443 4445 2666 4497 rubrum
2690 4455 2743 4495 et
2768 4443 2905 4497 bene
2938 4441 3247 4506 ﬂorentem,
3272 4451 3325 4496 et
3355 4442 3579 4495 multam

2002 4535 2210 4590 habens
2264 4532 2513 4604 gratiam.
2553 4534 2619 4588 Et
2673 4535 2824 4589 disce
2877 4534 3019 4588 unde
3068 4535 3379 4588 consistat?
3421 4531 3580 4588 Unde

2001 4629 2171 4698 igitur
2204 4628 2464 4682 consistat
2485 4628 2511 4680 ?
2538 4618 2812 4694 A'pudore
2842 4639 2896 4681 et
2927 4628 3163 4681 rubore:
3203 4628 3322 4680 ideo
3362 4635 3417 4680 et
3444 4626 3581 4680 dici-

1999 4728 2090 4772 tur
2167 4738 2182 4772 :
2248 4718 2524 4775 Ruborem
2601 4719 2856 4790 prtecedit
2923 4720 3118 4790 gratia.
3189 4718 3301 4771 Hoc
3368 4720 3579 4773 rateris

2002 4813 2262 4869 membris
2291 4813 2510 4868 multam
2549 4814 2783 4867 iul‘undit
2816 4812 3307 4883 pulchritudinem.
3352 4811 3462 4865 Etsi
3498 4813 3581 4863 in-

2000 4919 2261 4958 numeros
2299 4908 2533 4959 misceas
2570 4905 2799 4970 colores,
2840 4922 2942 4958 nou
2975 4903 3176 4959 eﬂicies
3228 4912 3428 4958 tantam
3461 4904 3580 4974 pul-

1995 4995 2388 5049 chritudinem.
2443 4994 2499 5048 Si
2556 5005 2736 5051 autem
2802 4997 2994 5052 oculos
3041 4997 3121 5051 vis
3162 4996 3369 5062 videre,
3393 4998 3577 5063 aspice

1999 5084 2261 5142 modestia
2319 5099 2373 5142 et
2417 5089 2705 5157 prudentia
2776 5099 3032 5144 accurate
3097 5090 3444 5157 compositos.
3489 5088 3576 5144 ldi-

2000 5177 2243 5231 circoita
2281 5178 2491 5246 pulchri
2521 5190 2573 5232 et
2612 5182 2754 5234 acuti
2794 5180 2926 5234 iiunt
2960 5190 3020 5235 ut
3057 5191 3107 5235 et
3134 5182 3232 5246 ipsi
3284 5182 3568 5234 Dominum

1990 5272 2232 5325 videant.
2256 5270 2404 5326 Beati
2422 5272 2588 5337 enim,
2611 5273 2705 5337 ait,
2727 5275 2909 5328 mundi
2934 5278 3118 5339 corde,
3139 5274 3260 5338 quia
3282 5273 3381 5340 ipsi
3405 5275 3571 5328 Deum

1990 5362 2274 5416 videbunt.
2310 5360 2384 5416 Os
2417 5371 2593 5416 autem
2623 5362 2743 5429 ejus
2783 5365 3049 5428 sapientia
3085 5371 3134 5415 et
3181 5361 3494 5415 intellectus
3514 5366 3587 5416 ρι’

1992 5455 2256 5525 Spiritalia
2289 5454 2497 5509 cantica
2535 5470 2782 5510 noscere.
2810 5456 2916 5510 Cor
2958 5471 3084 5508 vero
3108 5496 3124 5521 ,
3162 5452 3568 5521 Seripturaruui

1991 5547 2363 5614 experientia;
2411 5556 2465 5599 et
2494 5544 2807 5614 dugmatnm
2860 5556 3177 5599 ex;ictorum
3234 5559 3484 5608 examen,
3517 5551 3572 5595 et

1991 5637 2302 5691 humanitas
2330 5644 2383 5690 et
2417 5637 2650 5703 bonitas,
2683 5654 2745 5691 ac
2768 5639 2929 5692 veluti
2958 5640 3163 5704 absque
3187 5639 3365 5707 priore
3386 5634 3572 5690 vivere

1989 5744 2090 5780 "0"
2123 5739 2294 5795 PON‘S.
2341 5729 2413 5782 ἱιτι
2450 5729 2656 5797 alisque
2684 5730 2990 5796 posteriore
3046 5745 3151 5783 non
3206 5728 3412 5783 salvum
3454 5730 3568 5782 fieri

1986 5829 2140 5889 potes
2174 5835 2186 5873 :
2216 5819 2341 5875 inde
2383 5821 2586 5876 etenim
2624 5822 2806 5876 omnia
2854 5822 3151 5891 gignuntur
3195 5821 3443 5888 pulchra.
3480 5820 3560 5878 liii

3140 5918 3221 5977 29
