4048 6478
430 413 537 480 9C7

1574 409 1979 470 TIIEODURI
2019 402 2577 468 MELlTENiOTzE

3602 399 3711 465 9.8

429 543 557 588 sunt
592 541 647 585 et
681 528 843 599 pedes
878 534 931 583 et
962 540 1181 591 manus,
1210 524 1477 580 bonorum
1524 538 1752 590 operum
1802 522 2020 578 exhibi-

2130 519 2474 589 διατήρησις,
2530 519 2625 571 καὶ
2655 512 3040 584 φιλανθρωπία
3087 512 3180 569 καὶ
3224 514 3569 585 χρηστότης·
3615 519 3710 575 χαι

432 625 647 691 tiones;
681 625 823 679 illius
851 628 938 677 est
980 621 1186 683 anim’a,
1242 618 1462 689 pietas;
1522 617 1670 672 illius
1699 626 1786 671 est
1825 625 2020 684 pectus

431 734 655 787 aureum
691 726 747 771 et
784 715 1075 769 adamante
1129 711 1342 777 durius,
1401 708 1791 762 l'ortituilozct
1837 707 2022 769 omnia

432 807 586 875 perdi
643 805 854 858 facilius
903 818 1066 872 quam
1105 798 1372 866 disrumpi
1399 810 1590 866 pectus
1615 798 1755 868 ejus.
1785 798 2025 866 Spiritus

432 910 617 952 autem
644 896 737 964 qui
774 906 857 950 est
888 894 941 948 in
973 893 1202 948 cerebro
1225 902 1278 945 et
1309 892 1496 954 corde,
1532 889 1776 944 charitns
1810 899 1913 944 est.

2127 611 2385 679 καθάπερ
2434 609 2638 677 ταύτης
2691 610 2825 663 ἄνευ
2880 608 2981 661 οὐκ
3014 609 3094 662 ενι
3146 608 3335 676 ζῆσαι,
3370 608 3546 669 οὕτως
3586 611 3706 662 οὐδὲ

2132 703 2350 772 ἐκείνης
2399 702 2568 773 χωρὶς
2600 701 2680 754 ενι
2718 701 2960 771 σωθῆναι
2992 706 3122 755 ποτε
3153 718 3165 730 ·
3199 703 3295 754 καὶ
3339 703 3448 771 γὰρ
3500 703 3709 754 ἐκεῖθεν

2139 796 2320 850 τάντα
2356 798 2605 848 τίκτεται
2634 795 2703 846 τά
2735 794 2894 847 καλά.
2931 794 3082 847 Εἰσὶν
3114 793 3253 862 αὐτῇ
3290 793 3385 845 καὶ
3416 794 3575 856 πόδες
3615 795 3711 846 καὶ

2133 890 2321 959 χεῖρες
2352 887 2462 940 τῶν
2504 887 2726 955 ἀγαθῶν
2761 888 2940 958 ἔργων
2971 888 3024 939 αἰ
3078 886 3397 952 ἐπιδείξεις-ο
3431 886 3580 940 ἔστιν
3616 887 3718 941 αὐ-

432 996 532 1063 τῆς
565 994 661 1047 καὶ
690 992 877 1063 ψυχὴ..
913 994 946 1061 ἡ
978 989 1232 1043 εὐσέϐεια
1258 1004 1272 1017 ·
1305 987 1455 1040 ἐστιν
1504 989 1642 1058 αὐτῇ
1688 989 1781 1040 καὶ
1814 985 2007 1055 στῆθος
2050 985 2290 1055 χρυσοῦν
2324 987 2419 1039 καὶ
2453 987 2765 1056 ἀδάμαντος
2802 985 3184 1056 στέρῥὸτερον,
3243 987 3276 1050 ἡ
3321 985 3510 1054 ἀνδρία
3533 1002 3549 1016 ο
3614 983 3712 1037 καὶ

434 1092 615 1141 πάντα
648 1087 853 1141 ἁλῶναι
881 1086 1126 1149 εὔκολον,
1154 1085 1188 1155 ἢ
1215 1082 1375 1136 τοῦτο
1393 1083 1764 1154 διαρραγῆναι
1792 1082 1854 1135 τὸ
1883 1084 2104 1151 στῆθος.

434 1183 630 1252 ἀγάπη
667 1181 808 1235 ἐστί.

507 1316 560 1371 3.
616 1313 780 1366 Visne
826 1324 883 1366 ut
927 1323 978 1367 et
1015 1314 1081 1367 de
1111 1314 1244 1382 ipsis
1295 1313 1554 1383 operibus
1600 1312 1883 1366 osmndam
1930 1311 2025 1363 libi

442 1404 788 1475 imaginem?
836 1403 1057 1458 Intende
1092 1405 1224 1458 mihi
1260 1414 1316 1458 et
1371 1405 1548 1472 ipsum
1601 1400 2019 1468 evangelistam,

438 1497 776 1561 Mattharnm,
810 1496 1060 1565 inquam;
1092 1506 1147 1548 et
1173 1511 1302 1548 vero
1332 1510 1439 1548 non
1469 1508 1684 1547 omnem
1711 1495 1830 1561 ejus
1859 1494 2025 1546 vitam

438 1588 768 1655 descriptam
802 1590 1085 1649 habemus,
1120 1588 1212 1642 sed
1241 1597 1421 1642 tamen
1456 1603 1485 1642 e
1522 1586 1708 1655 paucis
1738 1600 2026 1655 possumus

439 1682 564 1750 ejus
621 1680 910 1748 imaginem
953 1694 1180 1733 cernere
1226 1677 1540 1747 fulgentem.
1590 1674 1748 1743 Quod
1804 1674 2023 1744 quidem

441 1772 664 1825 bmuilis
715 1772 982 1823 contritus
1039 1779 1199 1833 erat,
1250 1770 1375 1822 audi
1428 1768 1584 1839 juxta
1651 1769 2026 1838 Evangelium,

440 1865 800 1932 publicanum
861 1863 1102 1931 seipsum
1140 1870 1467 1927 vocantem;
1522 1862 1665 1930 quod
1713 1873 1892 1916 autem
1927 1862 2026 1912 ιιιὶ-

437 1956 697 2021 sericors,
733 1954 854 2008 vide
879 1953 1091 2008 cum-tis
1130 1962 1374 2018 exutum,
1408 1962 1464 2007 et
1506 1964 1827 2022 sequentem
1858 1950 2023 2006 Chri-

437 2057 626 2112 stum;
686 2048 831 2114 quod
891 2046 1037 2115 pius,
1070 2025 1222 2115 patet
1267 2061 1298 2100 e
1358 2047 1668 2111 doctrinis;
1716 2054 1773 2098 et
1828 2043 2027 2097 intelli-

436 2138 675 2207 gentiam
711 2137 857 2189 illius
909 2136 1064 2189 vides
1121 2149 1229 2204 qua
1279 2133 1590 2202 composuit
1631 2133 2024 2200 Evangelium;

438 2232 603 2285 facile
647 2239 800 2300 potes
836 2229 1027 2284 videre
1071 2239 1128 2282 et
1164 2228 1490 2281 charitatem
1525 2246 1539 2281 :
1595 2227 1662 2281 de
1717 2228 1848 2280 orbe
1877 2227 2024 2277 enim

438 2336 709 2377 terrarum
763 2338 950 2377 curam
985 2322 1212 2386 habuit;
1244 2334 1296 2373 et
1338 2319 1604 2373 bonorum
1639 2332 1864 2386 operum
1897 2332 2027 2385 pro-

438 2416 710 2469 batiouem
768 2416 921 2468 vides
967 2426 1186 2481 propter
1243 2415 1498 2465 thronum
1548 2412 1602 2463 in
1662 2414 1791 2478 quo'
1830 2410 2028 2463 sedere

435 2507 619 2569 debet,
656 2514 711 2559 et
765 2504 1143 2558 fortitudinem
1202 2519 1268 2555 ex
1319 2517 1386 2556 eo
1434 2503 1629 2570 collige
1677 2504 1822 2569 quod
1871 2502 2028 2555 laetus

436 2612 694 2653 reversus
751 2605 836 2652 est
871 2613 899 2651 a
940 2597 1079 2650 faeie
1129 2610 1451 2665 synagogae;
1489 2595 1648 2649 talem
1684 2596 1860 2647 vivam
1914 2608 2028 2646 vir-

436 2696 570 2747 tutis
595 2693 891 2759 imaginent
916 2702 969 2745 et
998 2702 1322 2745 czeterorum
1347 2703 1626 2759 quemque
1654 2686 2027 2756 apOstolnrum

434 2787 765 2852 repcriums.
807 2785 1017 2838 Etenim
1053 2798 1282 2852 magnos
1313 2794 1369 2838 et
1401 2783 1568 2837 miros
1608 2779 1908 2835 effecerunt
1935 2794 2030 2833 eos

435 2894 547 2934 non
605 2882 887 2942 miracula,
944 2880 1037 2931 sed
1074 2877 1310 2931 virtutes
1370 2877 1589 2929 animae.
1651 2874 1802 2928 Multi
1856 2873 2029 2935 enim,

434 2972 718 3040 ejicientes
754 2971 1048 3032 daanaonia.
1078 2982 1366 3037 posupram
1392 2968 1595 3038 injuste
1624 2969 1886 3035 egissent,
1919 2981 2029 3019 non

436 3065 566 3118 farti
598 3072 723 3117 sunt
748 3064 1044 3127 mirabiles,
1078 3065 1172 3116 sed
1193 3074 1245 3115 et
1277 3063 1450 3130 puniti
1507 3072 1671 3127 sunt;
1702 3060 1789 3113 isti
1823 3069 2029 3125 autem,

431 3160 577 3211 bona
630 3158 1023 3224 despicieules,
1084 3156 1315 3226 gloriam
1371 3162 1818 3217 contemnentes,
1870 3154 2034 3205 rebus

2182 1082 2256 1135 Τὸ
2291 1080 2349 1134 δὲ
2385 1081 2605 1152 πνεῦμα
2662 1084 2725 1133 τδ
2789 1081 2847 1133 ἐν
2904 1079 3192 1149 ἔγκεφάλῳ
3237 1080 3330 1132 καὶ
3393 1079 3612 1149 καρδίᾳ,
3673 1084 3709 1154 ἠ

2204 1315 2273 1377 γ’.
2305 1306 2497 1361 Βούλει
2543 1308 2639 1358 καὶ
2693 1304 2782 1357 ἐπ’
2830 1304 3013 1357 αὐτῶν
3042 1304 3153 1357 τῶν
3204 1303 3384 1372 ἔργων
3424 1303 3584 1368 δείξω
3624 1320 3711 1357 σοι

2132 1403 2232 1473 τὴν
2259 1401 2448 1454 εἰκόνα
2473 1414 2488 1464 ;
2516 1396 2776 1467 ἐννόησόν
2800 1413 2895 1465 μοι
2928 1395 3120 1448 τοῦτον
3155 1396 3321 1449 αὐτὴν
3349 1396 3440 1448 τὸν
3478 1396 3715 1463 εὐαγγε-

2130 1494 2346 1560 λιστὴν,
2382 1491 2529 1559 λέγω
2566 1490 2633 1558 δὴ
2671 1489 2764 1543 τὸν
2800 1488 3103 1553 Ματθαῖον,
3145 1488 3239 1541 καί
3286 1505 3369 1541 τοι
3416 1489 3479 1540 ού
3530 1488 3714 1542 πάντα

2135 1584 2305 1637 αὐτοῦ
2339 1584 2432 1637 τὸν
2471 1582 2587 1652 βίον
2628 1581 2991 1650 ἀνάγραπτον
3029 1580 3255 1650 ἔχομεν,
3292 1580 3410 1633 ἀλλ’
3437 1583 3585 1651 ὅμως
3618 1584 3714 1637 καὶ

2136 1679 2196 1744 ἐξ
2221 1677 2422 1747 ὀλίγων
2468 1678 2617 1729 ἐστὶν
2647 1675 2816 1729 αὐτοῦ
2858 1675 2958 1746 τὴν
2988 1677 3176 1729 εἰκόνα
3218 1676 3347 1730 ἰδεῖν
3375 1676 3713 1747 διαλάμπου-

2138 1787 2259 1824 σαν.
2292 1770 2418 1823 Ὂτι
2453 1769 2551 1838 μιν
2576 1768 2835 1832 ταπεινὸς
2860 1769 3331 1838 συντετριμμένος
3362 1765 3452 1840 ἦν,
3474 1771 3712 1825 ἄκουσον

2135 1861 2274 1930 μετά
2303 1859 2365 1912 τὸ
2398 1859 2757 1927 Εὐαγγέλιον,
2792 1858 3033 1929 τελώνην
3064 1860 3257 1912 ἑαυτὸν
3298 1861 3599 1915 καλοῦνταο
3631 1863 3716 1916 ὅτι

2129 1953 2185 2004 δὲ
2210 1954 2305 2004 καὶ
2337 1952 2461 2022 ὲλεή
2473 1968 2614 2020 μων,
2651 1951 2751 2019 ὅρα
2780 1952 2958 2004 πάντα
2985 1953 3418 2019 ἀποδυσάμενον,
3453 1956 3547 2006 καὶ
3585 1955 3715 2007 ἀκο-

2126 2042 2474 2113 λουθήσαντα
2502 2041 2578 2112 τῷ
2614 2043 2844 2112 Χριστῷ
2867 2058 2882 2074 ο
2919 2044 3001 2097 ὅτι
3034 2044 3095 2096 δὲ
3139 2047 3234 2097 καὶ
3264 2045 3516 2116 εὐσεϐὴς.
3551 2046 3713 2115 δῆλον

2128 2134 2236 2186 ἀπὸ
2269 2133 2378 2185 τῶν
2403 2134 2695 2201 δογμάτων
2718 2149 2734 2164 ο
2768 2134 2864 2186 καὶ
2902 2133 3004 2201 τὴν
3048 2132 3267 2186 σύνεσιν
3299 2134 3358 2187 δὲ
3384 2135 3578 2199 αὐτοῦ,
3614 2134 3712 2201 ἀφ’

2129 2223 2189 2279 οὗ
2230 2224 2535 2291 συνέθηκεν
2580 2224 2954 2292 Εὑαγγελίουο
3011 2225 3196 2297 ῥᾴδιον
3247 2226 3396 2280 ἔστιν
3444 2228 3574 2281 ἰδεῖν
3613 2231 3712 2283 καὶ

2137 2323 2241 2391 τὴν
2301 2322 2560 2391 ἀγάπην·
2615 2321 2720 2389 τῆς
2759 2321 2868 2389 γὰρ
2915 2320 3247 2392 οἰκουμένης
3298 2323 3711 2394 ὲπεμελήσατοο

2131 2417 2227 2468 καὶ
2250 2414 2350 2485 τὴν
2379 2414 2490 2467 τῶν
2512 2413 2692 2483 ἔργων
2732 2414 2961 2482 ἀγαθῶν
2990 2415 3284 2480 ἐπίδειξιν,
3323 2416 3436 2470 ἀπὸ
3461 2417 3555 2471 τοῦ
3584 2418 3708 2490 θρόε-

2131 2525 2226 2560 νου
2268 2507 2353 2576 ἐφ’
2383 2507 2445 2560 οὗ
2484 2507 2670 2577 μέλλει
2704 2508 3058 2562 καθεδεῖσθαι
3086 2524 3100 2538 °
3130 2511 3225 2561 καὶ
3251 2511 3353 2578 τὴν
3376 2511 3600 2582 ἀνδρίαν
3626 2512 3707 2577 δὲ,

2132 2598 2190 2662 ἐξ
2224 2591 2300 2650 ὧν
2333 2598 2542 2668 χαίρων
2593 2598 2941 2670 ὑπέστρεψεν
2978 2601 3087 2653 ἀπὸ
3138 2600 3236 2653 τοῦ
3274 2603 3568 2670 προσώπου
3615 2604 3709 2658 τοῦ

2135 2689 2454 2759 συνεδρίου*
2507 2692 2769 2761 τοιαύτην
2820 2691 3066 2761 ἔμψυχον
3122 2694 3326 2762 ἀρετῆς
3360 2698 3566 2761 εἰκόνα,
3616 2702 3711 2752 καὶ

2111 2782 2242 2835 ’τῶν
2269 2780 2444 2835 ἄλλων
2472 2782 2708 2861 ἕκαστον
2737 2785 3059 2839 ἀποστόλων
3086 2785 3419 2857 εὑρήσομεν.
3456 2790 3565 2843 Καὶ
3604 2792 3712 2861 γὰρ

2136 2874 2409 2945 μεγάλους
2470 2855 2567 2928 καὶ
2616 2873 2972 2945 θαυμαστοὺς
3024 2855 3308 2949 ἐποίησεν
3337 2880 3541 2944 αὐτοὺς
3588 2855 3711 2953 aiax-‘0.

2132 2967 2202 3018 τὰ
2246 2968 2472 3033 σημεῖα,
2524 2966 2643 3020 ἀλλ’
2674 2967 2707 3037 ἡ
2739 2967 2840 3035 τῆς
2887 2967 3071 3036 ψυχῆς
3116 2971 3285 3040 ἀρετή
3311 2988 3324 3003 ο
3372 2972 3561 3027 πολλοί
3609 2975 3710 3044 μὶν

2133 3059 2245 3126 γὰρ
2274 3058 2539 3128 δαίμονας
2569 3059 2914 3145 εκσαλώντες,
2948 3060 3137 3126 ἐπειδὴ
3195 3062 3296 3133 τὴν
3331 3064 3566 3133 ἀνομίαν
3594 3068 3712 3136 είρο

2135 3149 2394 3216 γάσαντο,
2426 3151 2528 3202 οὐκ
2564 3152 2819 3218 ἐγένοντο
2854 3150 3180 3221 θαυμαστοὶ,
3217 3153 3355 3209 ἀλλά
3393 3158 3486 3211 καὶ
3521 3160 3712 3213 ἐκολά-

435 3234 830 3311 ι·ἰιτιι“1ῑι›οι·;ιιὶ,
874 3250 1071 3303 exinde
1106 3249 1279 3316 magis
1305 3247 1588 3301 mirabiles
1621 3246 1745 3299 lacti
1784 3254 1946 3307 sunt;
1982 3243 2024 3297 si

2137 3241 2349 3310 σθησαν
2377 3257 2393 3271 ⁸
2422 3238 2571 3294 οὗτοι
2591 3242 2648 3295 δὲ
2674 3243 2975 3313 χρημάτων
2998 3249 3534 3316 καταφρονήσαντες,
3556 3253 3712 3324 δόξης

435 3353 618 3395 autem
657 3343 759 3395 ista
811 3355 915 3394 non
960 3342 1349 3408 possedissent,
1387 3345 1443 3390 at
1476 3336 1625 3390 servi
1671 3334 2028 3403 cupiditatum

437 3432 692 3500 fuissent,
751 3437 852 3486 etsi
909 3431 1228 3484 innumeros
1278 3437 1524 3483 mortuos
1582 3427 2028 3488 resuscitasseut,

437 3539 544 3575 non
604 3523 763 3577 modo
821 3521 1189 3590 nequicquam
1247 3521 1631 3589 profecissent,
1685 3520 1780 3574 sed
1822 3530 1878 3572 et
1927 3520 2030 3570 im-

438 3628 685 3686 postorcs
736 3615 839 3669 visi
894 3614 1150 3670 fuissent.
1215 3612 1304 3668 Sic
1352 3622 1439 3668 est
1490 3613 1599 3667 vita
1661 3613 2026 3682 undequaqne

437 3710 671 3780 fulgens,
702 3709 929 3781 spiritus
955 3706 1191 3778 gratiam
1223 3708 1530 3763 attrahens.

504 4022 557 4076 ιι.
595 4019 765 4086 Quale
821 4018 1145 4071 miraculum
1205 4015 1332 4071 fecit
1379 4021 1647 4075 Joannes,
1705 4016 1797 4083 qui
1855 4016 2023 4070 nrbes

434 4125 617 4170 tantas
665 4112 990 4183 suspendit?
1045 4112 1201 4165 lllmu
1252 4110 1463 4165 nullius
1517 4120 1794 4163 auctorem
1851 4110 2016 4178 signi,

434 4209 556 4261 andi
652 4204 1041 4274 evangelistam
1117 4204 1386 4257 dicentem
1437 4219 1451 4257 :
1510 4201 1749 4257 Joannes
1798 4203 2012 4271 signum

434 4293 562 4348 fecit
620 4291 848 4346 nn'lum.
892 4290 1047 4346 Unde
1075 4293 1239 4362 igitur
1278 4290 1423 4346 Elias
1452 4290 1635 4345 clarus
1677 4290 1853 4345 factus
1886 4291 2017 4346 est?

437 4386 625 4439 Nonne
652 4396 907 4453 operatus
940 4393 1116 4438 estex
1155 4383 1456 4438 voracitate
1482 4385 1549 4437 ad
1583 4383 1805 4453 regem?
1842 4399 2020 4438 nonne

2136 3331 2508 3399 ὑπεριδόντες,
2559 3334 2907 3402 πραγμάτων
2953 3334 3365 3404 ἀπαλλαγέντες
3415 3340 3709 3409 βιωτικῶν,

2133 3424 2385 3477 ἐντεῦθεν
2442 3426 2652 3495 μᾶλλον
2710 3427 3255 3498 ὲθαυμαστώθησανο
3292 3430 3369 3494 ὡς
3418 3434 3473 3485 εἴ
3514 3448 3577 3501 γε
3630 3439 3706 3509 μὴ

2128 3513 2303 3565 ταῦτα
2344 3510 2512 3584 εἶχον,
2548 3515 2685 3568 ἀλλὰ
2738 3514 2917 3569 δοῦλοι
2949 3518 3139 3571 παθῶν
3188 3514 3351 3589 ἦσαν,
3394 3522 3446 3573 εί
3476 3525 3570 3575 καὶ
3606 3542 3703 3593 μυ-

2133 3607 2284 3676 ρίους
2317 3607 2550 3676 ἤγειραν
2604 3607 2857 3676 νεκροὺς,
2887 3609 2949 3661 ού
2986 3610 3150 3678 μόνον
3196 3612 3352 3664 οὐδὲν
3379 3613 3445 3666 ἂν
3488 3615 3705 3686 ῶφέληο

2132 3717 2255 3761 σαν,
2293 3692 2430 3751 ἀλλὰ
2484 3702 2579 3752 καὶ
2637 3700 2956 3765 ἀπατεῶνες
3007 3703 3075 3755 ἂν
3134 3705 3501 3775 ἐνομίσθησαν
3542 3704 3705 3763 εἶναι.

2131 3792 2315 3855 Οὕτως
2346 3792 2374 3843 6
2412 3791 2525 3861 βίος
2570 3793 2722 3845 ἐστὶν
2751 3794 2780 3847 6
2813 3794 3097 3865 πανταχοῦ
3145 3796 3400 3865 λάμπων,
3431 3801 3459 3853 6
3489 3802 3581 3855 καὶ
3609 3801 3705 3856 τοῦ

2130 3884 2444 3954 πνεύματος
2477 3883 2579 3954 τὴν
2609 3885 2773 3955 χάριν
2805 3887 3215 3957 ἐπισπώμενος.

2207 4015 2273 4070 δ’.
2307 4017 2468 4070 Ποῖον
2501 4022 2732 4087 σημεῖον
2759 4021 2786 4073 6
2824 4019 3079 4091 Ἰωάννης
3107 4021 3383 4094 ἐποίησεν,
3412 4026 3495 4079 ὅτι
3526 4027 3708 4085 πόλεις

2129 4107 2401 4173 τοσαύτας
2427 4111 2782 4182 ἀνηρτήσατο
2808 4129 2823 4180 ;
2856 4115 2936 4167 ὅτι
2963 4115 3074 4184 γὰρ
3105 4116 3259 4169 οὐδὲν
3292 4117 3705 4189 ὲθαυμαστούρ-

2126 4217 2318 4270 γησεν,
2381 4201 2620 4256 ἄκουσον
2677 4205 2774 4258 τοῦ
2833 4206 3229 4276 εὐαγγελιστοῦ
3279 4207 3570 4278 λέγοντος,
3622 4215 3702 4267 ὅτι

2136 4291 2397 4365 Ἰωάννης
2450 4294 2550 4363 μὲν
2607 4301 2838 4366 σημεῖον
2883 4300 3152 4368 ’ἐποίησεν
3197 4301 3391 4355 οὐδέν·
3435 4304 3601 4357 πόθεν
3644 4305 3699 4357 δὲ

2128 4385 2448 4456 θαυμαστὸς
2502 4389 2694 4445 Ἠλίας
2719 4388 2973 4458 ὲγένετο;
3011 4393 3114 4444 οὐκ
3140 4393 3248 4445 ἀπὸ
3270 4393 3370 4459 τῆς
3395 4395 3702 4466 παρρησίας

435 4494 462 4531 a
499 4478 617 4533 zelo
667 4495 764 4548 pro
823 4478 963 4533 Deo?
1012 4494 1196 4532 nonne
1242 4493 1273 4531 a
1329 4476 1705 4547 paupertate?
1756 4490 1939 4531 nonne
1991 4492 2019 4529 a

2130 4480 2227 4550 τῆς
2268 4481 2403 4553 πρὸς
2433 4482 2524 4535 τὸν
2560 4481 2824 4551 βασιλέας
2857 4483 2956 4537 οὐκ
2989 4483 3097 4536 ἀπὸ
3121 4483 3217 4536 τοῦ
3247 4482 3413 4555 ζήλου
3441 4485 3535 4538 τοῦ
3564 4487 3700 4555 ὑπὲρ

437 4570 580 4642 pelle
616 4572 777 4626 Ovina
810 4581 863 4623 et
902 4570 1165 4640 spelunca
1215 4578 1271 4623 et
1302 4568 1624 4623 montibus?
1659 4567 1821 4641 Signa
1871 4568 2018 4623 enim

436 4675 557 4732 post
584 4666 695 4719 iure
717 4666 898 4717 omnia
930 4664 1189 4732 patravit.
1211 4660 1312 4717 Joh
1341 4670 1545 4724 autem,
1569 4662 1730 4730 quale
1759 4675 2019 4732 operatus

433 4767 518 4810 est
580 4756 921 4819 miraculum,
979 4756 1120 4824 quod
1180 4753 1427 4808 diabolus
1470 4753 1661 4808 videns
1714 4769 1838 4808 euut
1899 4769 2021 4821 per-

432 4849 639 4902 cussit?
687 4848 1004 4903 lliraculum
1070 4847 1293 4916 quidem
1355 4844 1600 4911 nullum,
1668 4847 1832 4900 vitam
1890 4862 2020 4902 vero

433 4943 726 5009 fulgentem
758 4953 811 4995 et
864 4941 1184 5009 patientiam
1236 4942 1529 4993 adamante
1579 4939 1856 4992 duriorem
1921 4954 2018 4992 ex-

435 5036 649 5090 hibens.
722 5033 891 5099 Quale
976 5033 1299 5086 miraculum
1387 5031 1553 5084 David
1652 5030 1781 5085 fecit
1841 5031 2019 5085 adhuc

430 5126 769 5190 adolescens,
798 5134 857 5177 ut
904 5123 1113 5179 diceret
1159 5123 1299 5176 Deus
1344 5119 1577 5175 :lnveni
1617 5120 1787 5175 David
1844 5120 2018 5174 lilium

424 5215 607 5282 Iesse,
621 5218 795 5271 virum
824 5216 979 5285 juxta
1007 5230 1099 5270 cor
1124 5213 1336 5268 meum?
1356 5223 1411 5269 et
1441 5214 1737 5279 Abraham,
1759 5222 1813 5268 et
1846 5216 2016 5277 Isaac,

428 5305 690 5372 etJacob,
721 5322 883 5376 quem
919 5316 1193 5359 mortuum
1219 5307 1773 5375 suscitarunt?quam
1808 5307 2015 5375 lepram

432 5402 736 5454 sanaruut?
770 5400 1270 5459 nescismiracula,
1327 5400 1430 5453 nisi
1490 5400 1770 5469 sapientes
1824 5401 2016 5464 SltmlS,

430 5498 484 5545 et
515 5501 749 5545 noceant
781 5492 966 5561 sape?
1008 5490 1088 5546 sie
1122 5491 1273 5545 multi
1334 5506 1398 5545 ex
1439 5490 1741 5547 Corinthiis
1780 5494 2014 5561 separati

429 5579 651 5633 suntab
676 5580 912 5636 invicem
952 5598 966 5635 :
1002 5581 1082 5635 sic
1131 5581 1285 5634 multi
1314 5596 1380 5634 ex
1427 5580 1687 5635 ltoman‘s
1739 5583 2014 5651 desperati

433 5679 578 5724 sunt.
632 5672 711 5727 ιιι.
767 5673 954 5728 Simon
1005 5673 1255 5744 dejectus
1284 5682 1420 5727 est:
1465 5674 1536 5726 ita
1583 5674 1676 5742 qui
1730 5674 2011 5728 Christum

435 5762 689 5833 cupiebat
722 5768 913 5837 sequi,‘
935 5768 1214 5823 dissuasus
1261 5776 1343 5822 est
1381 5770 1610 5824 audiens
1640 5769 1827 5838 vulpes
1858 5779 2012 5823 antra

2122 4570 2219 4624 τοῦ
2250 4570 2385 4626 Θεοῦ
2411 4589 2427 4639 ;
2457 4572 2559 4625 οὐκ
2603 4573 2711 4626 ἀπὸ
2738 4573 2839 4643 τῆς
2884 4574 3304 4645 ἀκτημοσύνης;
3334 4576 3435 4629 οὐκ
3463 4578 3575 4631 ἀπὸ
3602 4578 3701 4647 τῆς

2124 4664 2385 4735 μηλωτῆς
2413 4665 2508 4718 καὶ
2555 4665 2652 4718 τοῦ
2683 4666 2952 4736 σπηλαίου
2998 4668 3093 4720 καὶ
3137 4666 3245 4720 τῶν
3287 4669 3460 4739 ὀρῶν;
3499 4670 3565 4723 τά
3594 4672 3700 4737 γὰρ

2124 4760 2332 4825 σημεῖα
2390 4760 2530 4829 μετά
2561 4758 2736 4814 ταῦτα
2778 4762 2996 4814 ἅπαντα
3051 4762 3298 4833 ἐποίησε.
3332 4764 3435 4816 Τὸν
3485 4765 3540 4817 δὲ
3581 4765 3699 4818 Ἰὼϐ

2121 4853 2279 4904 ποῖον
2316 4853 2546 4921 σημεῖον
2578 4853 2724 4924 ὀρῶν
2756 4854 3013 4907 ποιοῦντα
3047 4856 3328 4925 ἐξεπλάγη
3370 4859 3397 4909 6
3421 4857 3697 4924 διάϐολος;

2124 4944 2358 5013 σημεῖον
2392 4943 2496 5014 μὲν
2532 4945 2712 5012 οὐδὲν,
2741 4946 2855 5015 βίον
2880 4947 2936 4999 δὲ
2972 4947 3263 5017 λάμποντα
3291 4950 3385 5003 καὶ
3418 4951 3696 5022 ὑπομονὴν

2122 5035 2436 5105 ἀδάμαντος
2474 5039 2843 5109 στερροτέραν
2876 5039 3332 5109 ἐπιδεικνύμενον
3360 5058 3375 5075 ο
3417 5046 3569 5095 ποῖον
3605 5062 3698 5113 ση-

2124 5131 2278 5199 μεῖον
2302 5130 2330 5181 ὁ
2358 5129 2523 5182 Δαϐὶδ
2555 5131 2814 5198 ἐποίησεν
2843 5131 2921 5184 ἔτι
2954 5134 3073 5195 νέος
3117 5132 3214 5200 ῶν,
3256 5134 3333 5197 ὡς
3373 5135 3548 5188 εἰπεῖν
3605 5136 3695 5188 τὸν

2122 5222 2277 5285 Θεὸν,
2314 5221 2490 5293 Εὗρον
2519 5222 2690 5274 Δαϐὶδ
2718 5224 2806 5275 τὸν
2836 5223 2932 5276 τοῦ
2969 5224 3196 5289 Ἰεσσαὶ,
3225 5224 3397 5295 ἄνδρα
3432 5227 3576 5280 κατὰ
3601 5231 3698 5293 τὴν

2122 5310 2352 5379 καρδίαν
2407 5328 2545 5380 μου;
2589 5311 2648 5364 '0
2678 5311 2734 5365 δὲ
2780 5313 3055 5384 Ἀϐραὰμ,
3092 5315 3187 5367 καὶ
3220 5317 3248 5368 6
3288 5316 3497 5379 Ἰσαὰκ,
3547 5319 3639 5371 καὶ
3673 5321 3699 5371 6

2136 5400 2352 5467 Ἰακὼϐ,
2398 5406 2549 5456 ποῖον
2602 5404 2796 5473 νεκρδν
2847 5406 3112 5475 ἧγειρανς
3172 5409 3328 5460 ποῖον
3377 5404 3433 5461 δὲ
3494 5409 3699 5479 λεπρὸν

2121 5494 2496 5564 ἐκαθάρισαν;
2548 5497 2649 5547 οὐκ
2690 5491 2847 5549 οἶσθα
2879 5498 2962 5551 ὅτι
3002 5498 3067 5552 τὰ
3115 5502 3343 5569 σημεῖα,
3372 5500 3467 5553 ἐὰν
3496 5502 3571 5571 μὴ
3604 5503 3700 5572 νήο

2122 5604 2337 5656 φῶμεν.
2385 5587 2480 5640 καὶ
2538 5586 2766 5658 βλάπτει
2829 5589 3115 5657 πολλάκις;
3162 5591 3323 5646 Οὕτω
3368 5593 3554 5647 πολλοὶ
3587 5597 3698 5649 τῶν

2122 5678 2434 5747 Κορινθίων
2479 5678 2897 5751 ἀπεσχίσθησαν
2935 5683 3034 5738 ἀπ’
3072 5684 3321 5754 ἀλλήλων
3346 5703 3363 5717 ·
3395 5685 3538 5741 οὕτω
3563 5687 3694 5740 πολ-

2120 5769 2203 5822 λοὶ
2234 5770 2342 5823 τῶν
2390 5770 2679 5840 Ῥωμαῖων
2721 5774 3135 5846 ἀπενοήθησαψ
3166 5775 3309 5830 οὕτω
3351 5779 3538 5850 Σίμων
3574 5780 3693 5845 ἑξε-
