4048 6476
461 418 562 485 911

1603 418 2003 479 TIIEODORI
2041 416 2589 477 MELITENIOTtE

3624 413 3726 478 912

458 546 574 583 sum
604 528 1028 601 philosophiam,
1060 529 1105 584 si
1166 528 1259 582 des
1311 526 1576 584 esurienti
1615 542 1812 594 panem
1868 537 2044 587 tuum,

2164 526 2250 595 τὴν
2283 528 2550 581 ἀνωτάτω
2577 526 2923 597 φιλοσοφίαν,
2953 528 3049 581 ἐὰν
3076 526 3182 595 δῷς
3217 528 3472 581 πεινῶντι
3506 527 3598 581 τὸν
3628 530 3728 602 ἄρα

458 621 503 674 si
539 621 839 689 appetitum
867 620 1192 686 domineris,
1227 619 1273 674 si
1300 634 1497 673 vanam
1546 617 1777 688 gloriam
1830 618 2046 686 ejicias,

456 712 500 765 si
522 710 782 765 invidiam
815 714 1100 777 destruas;
1148 710 1223 763 ita
1253 709 1444 777 etipse
1481 708 1736 763 Christus
1769 706 2045 763 docebat:

463 805 662 859 Discite
701 803 868 868 cnim,
918 803 1220 872 inquiebat,
1280 816 1308 854 a
1349 818 1434 855 tne
1476 802 1602 870 quia
1643 800 1791 853 mitis
1840 815 1960 854 sum
1997 809 2052 852 et

462 898 684 951 humilis
736 897 953 962 corde;
1005 911 1108 948 ttott
1155 895 1341 948 dixit:
1389 892 1663 959 Jejunavi,
1720 904 1775 947 et
1817 890 2048 945 habebat

458 992 641 1046 dicere
670 990 738 1045 de
772 990 1130 1059 quadraginta
1165 988 1361 1041 diebus
1385 1028 1400 1053 ,
1433 987 1526 1040 sed
1561 1002 1665 1039 non
1711 985 1817 1038 hoc
1870 984 2047 1049 dixit,

467 1099 654 1139 verum
694 1100 708 1136 :
750 1082 891 1137 Mitis
944 1097 1063 1134 sum
1117 1093 1172 1135 et
1224 1080 1442 1135 humilis
1477 1078 1666 1135 corde.
1710 1077 1778 1131 Et
1836 1091 2050 1142 rursus,

463 1175 680 1229 mittens
710 1172 1006 1242 discipulos
1035 1186 1163 1226 suos
1184 1171 1248 1224 ad
1284 1169 1714 1240 praedicandum,
1737 1180 1841 1220 non
1877 1165 2050 1220 dixit:

458 1265 729 1336 Jejunate,
759 1266 885 1319 sed:
909 1261 1083 1317 Omne
1117 1264 1264 1331 quod
1292 1271 1600 1332 apponetur
1630 1259 1789 1314 vobis
1824 1258 2055 1312 mandu-

461 1370 606 1414 cate.
640 1356 715 1413 De
737 1357 947 1412 divitiis
977 1356 1139 1426 plane
1182 1356 1397 1423 quidem
1440 1354 1661 1406 multam
1714 1350 2052 1422 diligentiam

460 1451 831 1513 dissuadebat,
866 1449 1054 1503 dicens
1091 1465 1105 1501 :
1141 1445 1265 1501 Non
1295 1445 1567 1501 habebitis
1626 1458 1840 1508 aurum,
1879 1458 2057 1512 neque

462 1554 772 1612 argentum,
804 1556 983 1610 neque
1007 1554 1084 1594 aes
1141 1541 1191 1593 in
1233 1538 1386 1592 zonis
1442 1535 1673 1599 vestris;
1726 1535 1841 1589 luet:
1873 1545 2054 1588 autem

466 1638 588 1689 dico
613 1635 792 1700 vobis,
824 1650 931 1688 non
973 1630 1240 1701 jejunium
1293 1631 1579 1696 damnans,
1652 1628 1828 1689 absit,
1855 1626 2054 1682 etenim

465 1728 621 1782 valde
642 1726 750 1781 hoc
775 1725 959 1791 laudo,
987 1729 1083 1780 sed
1117 1741 1213 1793 pro
1243 1725 1398 1779 vobis
1448 1724 1661 1792 patiens
1698 1725 1913 1776 czeteris
1940 1736 2057 1775 Otu-

2153 636 2246 671 τον
2274 636 2397 684 σου,
2433 620 2528 674 ὲάν
2559 618 2736 689 θυμοῦ
2766 621 3069 692 κρατήσῃς,
3100 620 3168 673 ἂν
3196 618 3505 684 κενοδοξίαν
3531 621 3731 676 ὲκϐἀλ-

2153 712 2274 784 λης,
2312 713 2380 766 ἂν
2431 713 2734 783 βασκανίαν
2762 712 2962 785 ἀνέλῃς
2982 727 2997 741 ·
3026 713 3173 766 οὕτω
3220 713 3313 765 καὶ
3349 712 3511 776 αὐτὸς
3541 714 3570 766 ὁ
3595 714 3731 781 Χρι-

2157 806 2278 867 στὸς
2331 804 2585 857 ἐπαίδευε
2612 822 2629 837 ο
2665 804 3050 874 Μάθετεγάρ,
3091 804 3305 871 ἔλεγεν,
3352 802 3449 856 ἀπ’
3484 801 3622 871 ἐμοῦ
3652 804 3732 856 ὃτι

2154 900 2332 969 πρᾶος
2382 898 2503 967 εἰμί
2548 899 2645 953 καὶ
2675 900 2933 962 ταπεινὸς
2978 900 3044 967 τῇ
3080 895 3318 967 καρδὲᾳο
3348 896 3449 949 οὐκ
3497 895 3732 963 ἔφραζεν

2153 990 2239 1043 ὅτι
2287 990 2630 1061 Ἑνήστευσα
2649 1008 2664 1022 ·
2695 990 2880 1044 καίτοι
2911 1007 2977 1059 γε
3024 986 3172 1059 εἶχεν
3217 988 3393 1041 εἰπεῖν
3421 986 3519 1049 τὰς
3539 1002 3732 1039 τεσσα-

2158 1084 2398 1152 ράκοντα
2452 1083 2665 1153 ἡμέρας
2693 1097 2706 1112 ·
2737 1082 2854 1135 ἀλλ’
2895 1084 2997 1135 οὐκ
3027 1081 3235 1149 ἔφασκε
3289 1077 3469 1139 τοῦτο,
3500 1077 3616 1130 ἀλλ’
3650 1078 3732 1130 ὅτι

2159 1175 2363 1241 Πρᾶόν,
2387 1174 2505 1243 εἰμι
2554 1174 2650 1228 καὶ
2703 1173 2964 1237 ταπεινὸς
3012 1176 3078 1243 τῇ
3123 1172 3344 1242 καρδία.
3383 1170 3494 1223 Καὶ
3553 1167 3720 1223 πάλ)

2156 1268 2399 1335 πέμπων
2428 1266 2555 1328 τοὺς
2605 1266 2855 1336 μαθητὰς
2885 1266 2967 1329 εἰς
3000 1265 3060 1318 τδ
3091 1266 3374 1336 κήρυγμα.
3409 1264 3512 1316 οὐκ
3549 1264 3735 1327 ἔλεγεν

2157 1360 2241 1413 ὅτι
2292 1358 2629 1430 Νηστεύετε,
2682 1359 2844 1424 ἀλλὰ,
2882 1360 2996 1412 Πᾶν
3028 1358 3089 1412 τὸ
3120 1356 3559 1427 παρατιθέμενον
3608 1356 3735 1424 ὑμῖν

2160 1453 2368 1504 ἐσθίετε
2401 1467 2415 1482 ·
2450 1452 2753 1523 χρημάτων
2789 1451 2974 1522 μέντοι
3008 1468 3073 1519 γε
3120 1449 3285 1505 ἕνεκα
3334 1447 3534 1519 πολλὴν
3581 1448 3736 1514 ἀκρίο

2159 1541 2313 1594 ϐειαν
2341 1542 2564 1612 ἀπῃτει,
2583 1541 2776 1609 λέγων,
2810 1541 2896 1612 Μὴ
2923 1540 3200 1611 κτήσησθε
3231 1539 3461 1610 χρυσὸν,
3481 1539 3615 1610 μηδὲ
3638 1541 3734 1607 ἀρ-

2159 1649 2354 1701 γυρον,
2379 1633 2515 1702 μηδὲ
2545 1633 2749 1703 χαλκὸν
2777 1634 2856 1695 εἰς
2901 1632 2999 1696 τὰς
3033 1633 3211 1696 ζώνας
3240 1630 3394 1700 ὑμῶν
3419 1646 3434 1661 ’
3466 1629 3643 1683 ταῦτα
3678 1628 3734 1682 δέ

2160 1741 2306 1794 φημι
2337 1721 2470 1790 ἐγὼ,
2501 1722 2626 1793 οὐχὶ
2656 1724 2917 1794 νηστείαν
2949 1721 3216 1788 κακίζων,
3249 1721 3324 1792 μὴ
3359 1721 3595 1789 γένοιτο,
3644 1720 3736 1773 καὶ

465 1821 626 1875 nibus
656 1817 877 1873 virtutis
908 1817 1198 1887 speciebus
1233 1815 1592 1887 posthabitis,
1647 1814 1819 1868 solam
1844 1812 2056 1868 credite

2164 1820 2268 1886 γὰρ
2292 1815 2501 1886 σφόδρα
2534 1816 2741 1886 ταύτην
2775 1816 3011 1882 ἐπαινῶ,
3034 1813 3151 1870 ἀλλ’
3175 1814 3317 1884 ὑπὲρ
3338 1815 3371 1885 ἡ
3381 1812 3498 1882 μῶν
3529 1813 3732 1881 ἀλγῶν,

462 1911 710 1966 sulllcere
738 1910 804 1963 ad
861 1909 1099 1963 salutem
1151 1917 1411 1973 vestram,
1443 1922 1565 1962 eam
1614 1922 1734 1977 qua:
1805 1906 2051 1960 ultimam

2166 1881 2268 1963 ξιτψ
2300 1881 2400 1979 μὲν
2430 1881 2613 1963 αλλων
2643 1881 2902 1963 ἁπάντων
2932 1909 3027 1980 τῆς
3052 1908 3257 1978 ἀρετῆς
3283 1881 3444 1961 agat
3473 1906 3739 1976 ἀμελούν-

464 2004 566 2059 loci
622 2003 845 2058 virtutis
900 2010 1052 2057 tenet
1113 2011 1373 2071 partem:
1424 2002 1719 2054 maximum
1770 1999 1916 2052 enim
1969 2006 2056 2051 est

2164 2020 2290 2065 των,
2325 2003 2534 2073 ταύτην
2590 2001 2650 2056 δὲ
2690 2002 2854 2073 μόνον
2896 2000 3227 2071 νομιζόντων
3272 2001 3464 2071 ἀρκεῖν
3496 2001 3577 2061 εἰς
3634 2015 3738 2051 σω·

462 2097 729 2163 eharitas,
765 2104 821 2152 et
868 2093 1210 2160 sufﬁcientia,
1243 2103 1299 2148 et
1335 2093 1682 2163 eleemosyna
1715 2106 1834 2160 qum
1862 2100 1917 2144 ct
1944 2089 2058 2142 vir-

463 2192 742 2261 ginitatem
777 2197 1001 2258 superat
1032 2205 1046 2241 :
1082 2187 1201 2241 sine
1223 2187 1368 2241 enim
1406 2185 1721 2255 virginitate
1756 2183 1907 2237 cerni
1951 2195 2049 2251 po-

468 2291 580 2336 test
617 2296 865 2350 regnum,
899 2280 1105 2349 absque
1143 2287 1326 2332 autem
1381 2277 1725 2348 eleemosyna
1789 2277 2044 2345 impossi-

469 2374 575 2428 bile
637 2385 738 2428 est.
817 2371 886 2427 Et
952 2372 1058 2425 hoc
1119 2370 1418 2424 ostendunt
1471 2369 1715 2438 quinque
1773 2368 2054 2438 virgines;

465 2466 915 2522 Necessariorum
946 2463 1095 2517 enim
1129 2463 1232 2517 hoc
1260 2472 1316 2517 et
1343 2461 1748 2532 praecipitornm
1782 2470 1996 2512 summa
2034 2474 2047 2510 :

469 2578 574 2616 non
604 2559 825 2629 quidem
880 2554 1177 2619 immerito,
1197 2569 1321 2609 nam
1353 2567 1450 2609 cor
1504 2553 1724 2607 virtutis
1758 2551 1893 2605 illud
1955 2564 2053 2603 vo-

467 2652 735 2709 cavimus.

534 2923 592 2977 7.
620 2921 806 2991 Itaque
851 2920 898 2975 si
936 2919 1187 2986 velimus,
1266 2934 1565 2990 possumus
1625 2928 1680 2972 et
1739 2933 1838 2972 nos
1902 2919 2050 2972 velut

466 3017 685 3072 virtutis
709 3013 1000 3083 imaginem
1027 3012 1095 3066 ad
1120 3025 1393 3081 quemque
1421 3011 1755 3079 aspicientes
1774 3010 2046 3078 apostolo-

469 3124 612 3175 rum,
632 3117 685 3163 et
705 3104 1003 3177 Scripturis
1025 3103 1224 3159 divinis
1241 3103 1344 3158 hoc
1365 3101 1652 3172 diligenter
1671 3101 2058 3170 praebentibus,

2157 2112 2222 2163 τη
2234 2095 2355 2166 ρίαν
2379 2096 2540 2165 ἡμῖν,
2566 2095 2625 2148 τὴ
2656 2094 2885 2165 ἔσχατον
2909 2092 3003 2147 τοῦ
3028 2092 3195 2165 χοροῦ
3230 2093 3328 2164 τῆς
3359 2092 3563 2164 ἀρετῆς
3589 2093 3742 2162 ἔχουν

2163 2207 2265 2242 σαν
2294 2188 2461 2258 μέρος
2489 2204 2502 2218 ·
2539 2190 2602 2241 τὸ
2651 2189 2761 2255 γὰρ
2790 2187 3072 2257 μέγιστον,
3111 2186 3300 2257 ἀγάπη
3340 2186 3437 2239 καὶ
3470 2186 3740 2238 ἐπιείκεια

2161 2284 2256 2335 καὶ
2323 2281 2691 2351 ἐλεημοσύνη,
2746 2279 2779 2351 ἢ
2815 2281 2909 2332 καὶ
2941 2280 3247 2349 παρθενίαν
3299 2278 3737 2350 ὑπερηκόντισεν

2160 2376 2330 2445 χωρὶς
2363 2374 2464 2444 μὲν
2487 2374 2595 2444 γάρ
2627 2373 2955 2444 παρθενίας,
2993 2372 3219 2426 δυνατὸν
3250 2372 3536 2442 βασιλείαν
3566 2372 3699 2425 ἰδεῖν
3724 2382 3739 2399 ⁸

2159 2466 2333 2536 χωρὶς
2369 2466 2425 2519 δὲ
2466 2465 2867 2536 ἐλεημοσύνης,
2918 2464 3185 2518 ἀδύνατον
3211 2480 3227 2496 ·
3258 2465 3354 2519 καὶ
3395 2464 3653 2533 δηλοῦσιν
3684 2465 3759 2544 αἰ,
3848 2505 3855 2511 .

2161 2559 2325 2611 πέντε
2371 2558 2677 2630 παρθένοι·
2736 2559 2845 2612 τῶν
2898 2557 3009 2628 γὰρ
3045 2558 3363 2625 ἀναγκαίων
3411 2556 3569 2610 τοῦτο
3599 2558 3739 2622 ἐστὶ,

2161 2652 2259 2704 καὶ
2299 2651 2636 2721 συνεχόντων
2679 2651 2741 2703 τὸ
2771 2651 2882 2713 πᾶν
2907 2666 2923 2681 ·
2958 2649 3058 2703 οὐκ
3091 2649 3199 2720 ἄρα
3243 2650 3572 2713 ἀπεικότως,
3609 2666 3746 2719 καρ-

2163 2743 2283 2794 δίαν
2313 2744 2448 2795 αὐτδ
2483 2742 2838 2812 κεκλήκαμεν
2870 2741 2972 2812 τῆς
3005 2743 3232 2813 ἀρετῆς.

2239 2922 2305 2987 ζ’.
2347 2922 2513 2975 ’Ὥστε
2544 2922 2643 2975 ἐὰν
2677 2922 2947 2993 θέλωμεν,
2987 2922 3214 2977 δυνατὸν
3245 2924 3378 2991 ἡμῖν
3407 2923 3480 2984 ὡς
3506 2924 3584 2984 εἰς
3619 2926 3748 2991 ἀρε-

2163 3016 2263 3084 τῆς
2303 3016 2491 3070 εἰκόνα
2518 3015 2657 3086 πρὸς
2683 3014 2918 3070 ἕκαστον
2943 3017 3112 3087 ὁρῶσι
3152 3016 3259 3068 τῶν
3289 3017 3628 3082 ἀποστόλων,
3655 3019 3750 3071 καὶ

2164 3111 2287 3171 ταῖς
2321 3107 2496 3172 θείαις
2522 3108 2770 3178 Γραφαῖς
2813 3108 3180 3180 προσέχουσιν
3210 3108 3477 3182 ἀκριϐῶς,
3511 3109 3578 3163 δι’
3608 3103 3688 3165 ὧν
3714 3112 3749 3180 ή

467 3215 565 3270 per
594 3214 732 3272 quas
764 3199 942 3251 anima
997 3196 1291 3249 decoratur
1344 3192 1652 3246 illuminata
1706 3191 1836 3245 nihil
1868 3194 2058 3244 cedere

2166 3196 2779 3271 ψυχή’καλλωπίζεται
2839 3198 3191 3271 φωτιζομένη
3220 3241 3236 3265 ,
3302 3199 3467 3271 μηδὲν
3521 3199 3751 3254 ἔλαττον

466 3294 612 3351 illis:
646 3306 776 3347 num
830 3289 976 3344 enim
1031 3286 1205 3355 angeli
1230 3295 1388 3340 erant
1451 3284 1578 3339 illi?
1636 3301 1764 3338 num
1801 3284 1867 3336 de
1925 3283 2064 3339 caelo

425 3382 916 3442 .desceudernnt?
972 3377 1165 3433 Nomte
1201 3377 1447 3444 ejusdem
1506 3386 1718 3429 natura:
1779 3375 2062 3429 nobiscum

471 3475 766 3544 participes
823 3471 1088 3533 luerunt?
1170 3484 1349 3524 nonne
1413 3469 1467 3521 in
1536 3468 1766 3521 urbibus
1841 3467 2063 3522 enutriti

469 3568 646 3624 sunt?
676 3581 859 3621 nonne
892 3564 1081 3617 iisdem
1145 3564 1228 3617 usi
1280 3560 1448 3617 sunt?
1481 3575 1662 3618 nonne
1703 3571 1849 3614 artes
1890 3560 2065 3612 mani-

470 3657 582 3713 hns
620 3662 993 3711 exercuerunt
1019 3653 1200 3708 ?-l'acti
1232 3665 1362 3708 sunt
1409 3662 1589 3707 autem
1647 3650 1950 3712 mirabiles,
2011 3656 2068 3703 et

472 3765 602 3806 vere
660 3765 771 3819 pra:
802 3750 1058 3803 omnibus
1111 3747 1367 3810 mirandi,
1397 3760 1617 3800 omnem
1677 3744 1894 3797 virtutis
1942 3758 2064 3797 cum

469 3844 867 3900 exercuissent
906 3845 1073 3905 viam,
1106 3852 1160 3895 et
1191 3839 1472 3909 exemplar
1515 3838 1646 3892 facti
1701 3838 1955 3891 omnibus
1994 3835 2063 3891 ad

379 4002 386 4006 _
469 3936 729 3999 salutem,
747 3942 801 3988 et
820 3934 900 3989 sic
924 3942 1250 4003 potestatem
1281 3932 1627 3985 destruentes
1653 3929 1880 3991 diaboli,
1902 3929 2065 3999 hujus

469 4028 813 4083 succidentes
848 4042 1065 4088 nervos,
1117 4030 1466 4079 conterentes
1494 4023 1615 4092 ejus
1642 4033 1828 4092 caput,
1866 4021 2067 4077 dissol-

473 4132 659 4178 ventes
690 4120 810 4190 ejus
846 4117 1568 4190 tyrannidem,dissipantes
1590 4115 1707 4186 ejus
1722 4115 2061 4170 exercitum:

468 4224 524 4269 et
562 4214 663 4268 hoc
694 4211 1038 4270 miraculum,
1059 4211 1317 4264 omnibus
1359 4208 1641 4262 miraculis
1659 4206 1855 4262 melius
1883 4217 2067 4261 osten-

472 4306 665 4361 dentes
693 4321 708 4371 ;
741 4313 791 4358 et
827 4302 1115 4357 verissime
1149 4299 1370 4369 quidem
1406 4318 1422 4354 :
1463 4299 1664 4370 patitur
1690 4298 1834 4353 enim
1876 4297 2065 4351 diabo-

476 4407 561 4455 lus
591 4402 810 4470 quando
853 4389 1150 4468 expellitur
1183 4411 1441 4466 corpore,
1502 4404 1688 4465 utpote
1717 4397 1809 4464 qui
1864 4394 1934 4448 sit
1966 4408 2063 4462 po-

475 4507 645 4552 testas
676 4497 924 4550 malelica
953 4504 1009 4549 et
1036 4495 1317 4548 hominum
1368 4490 1616 4561 gaudens
1683 4490 1969 4561 punitione
2011 4499 2064 4543 et

2169 3294 2317 3362 ἔχειν
2358 3292 2588 3345 ἐκείνων
2615 3306 2628 3319 ·
2668 3291 2743 3362 μὴ
2792 3292 2900 3363 γὰρ
2930 3292 3156 3360 ἄγγελοι
3197 3287 3339 3363 ἦσαν
3382 3295 3624 3357 ἐκεῖνοιῖ
3671 3293 3751 3363 μὴ

2169 3384 2278 3455 γὰρ
2316 3384 2376 3448 ἐξ
2421 3383 2659 3455 οὐρανοῦ
2702 3384 3017 3453 κατέϐησαν
3045 3400 3060 3451 ;
3108 3385 3233 3455 οὐχὶ
3265 3384 3375 3437 τῶν
3406 3384 3588 3437 αὐτῶν
3619 3385 3753 3455 ἡμῖν

2172 3476 2473 3547 μετέσχονς
2505 3477 2609 3530 οὐκ
2641 3477 2698 3531 ὲν
2744 3476 2969 3530 πόλεσιν
3020 3478 3376 3548 ὲτράφησανς
3410 3458 3471 3531 οὗ
3508 3476 3623 3531 τῶν
3655 3478 3755 3530 αὐ-

2169 3568 2280 3622 τῶν
2308 3569 2639 3639 ἀπήλαυσαν
2667 3586 2683 3635 ;
2710 3569 2833 3637 οὐχὶ
2860 3569 3055 3639 τέχνας
3080 3568 3529 3639 μετεχειρίσαντο
3552 3586 3567 3633 ;
3594 3568 3758 3638 γεγό-

2171 3676 2295 3713 νασι
2325 3659 2382 3713 δὲ
2416 3659 2725 3730 θαυμαστοὶ
2774 3662 2869 3714 καὶ
2903 3660 2979 3723 ὡς
3025 3661 3244 3730 ἀληθῶς
3276 3660 3758 3730 ὑπερθαύμαστοι,

2168 3753 2353 3805 πᾶσαν
2394 3753 2602 3824 ἀρετῆς
2644 3755 2991 3825 ἀσκήσαντες
3020 3753 3163 3819 ὁδὸν,
3194 3755 3289 3808 καὶ
3319 3756 3489 3808 τύπον
3520 3755 3760 3822 γενόμε-

2170 3863 2253 3899 νοι
2304 3848 2441 3901 πᾶσι
2501 3847 2637 3919 πρὸς
2696 3848 2996 3918 σωτηρίαν,
3054 3848 3146 3902 καὶ
3185 3847 3328 3901 οὕτω
3374 3847 3473 3917 τὴν
3519 3826 3761 3917 δύναμιν

2167 3940 2452 4002 ἀνελόντες
2474 3940 2566 3992 τοῦ
2588 3940 2865 4000 διαϐόλου,
2899 3941 3232 4010 ἐκκόψαντες
3248 3941 3440 3995 τούτου
3473 3942 3541 3994 τὰ
3558 3940 3761 4012 νεῦρα,

2169 4029 2563 4098 συντρίψαντες
2592 4031 2756 4083 αὐτοῦ
2782 4032 2883 4103 τὴν
2915 4031 3180 4102 κεφαλὴν,
3204 4032 3628 4096 καταλύσαντες
3659 4036 3763 4086 αὑ·

2167 4119 2264 4173 τοῦ
2297 4120 2398 4190 τὴν
2431 4122 2745 4190 τυραννίδα,
2780 4122 3192 4187 διασπάσαντες
3225 4123 3286 4176 τὸ
3337 4124 3716 4193 στρατόπεδον
3744 4141 3758 4156 ·

2167 4210 2264 4263 καὶ
2301 4209 2462 4262 τοῦτο
2503 4213 2756 4280 σημεῖον,
2796 4212 3059 4266 ἀπάντων
3102 4214 3347 4285 σημείων
3386 4217 3573 4285 μεῖζον
3635 4218 3765 4268 ἐπει

2167 4302 2513 4371 δειξάμενοι·
2572 4304 2667 4355 καὶ
2706 4304 2852 4371 μάλα
2904 4305 3164 4369 εἰκότως·
3213 4307 3371 4374 ἀλγεῖ
3412 4308 3513 4375 μὲν
3576 4310 3692 4376 γὰρ
3734 4311 3763 4361 ό

2168 4394 2419 4456 διάϐολος
2471 4395 2601 4448 ὅταν
2647 4395 2875 4466 ἐξελαθῇ
2930 4397 3208 4467 σώματος,
3261 4399 3357 4452 ἅτε
3405 4399 3648 4465 δύναμις
3683 4399 3768 4453 ὣι

2169 4483 2467 4547 κακοποιὸς
2497 4484 2594 4537 καὶ
2622 4489 2689 4555 τῇ
2723 4486 2831 4537 τῶν
2862 4486 3172 4556 ἀνθρώπων
3212 4488 3545 4557 ἐφηδόμενος
3578 4505 3771 4558 τεμωο

476 4590 890 4651 destructione;
935 4588 1107 4641 multo
1159 4600 1291 4639 vero
1345 4585 1517 4654 tttagis
1571 4585 1776 4652 patitur
1840 4581 2058 4652 quando

2172 4576 2267 4646 ρία
2286 4576 2379 4629 καὶ
2402 4576 2653 4646 ἀπωλείᾳ
2675 4592 2691 4606 ”
2717 4578 2898 4648 πολλῷ
2920 4578 2975 4631 δὲ
3004 4580 3206 4649 μᾶλλον
3228 4580 3406 4647 ἀλγεῖ,
3429 4579 3559 4633 ὅταν
3577 4581 3774 4648 ἀμαρ-

475 4683 712 4751 pecratis
741 4680 1036 4735 liberatam
1071 4678 1219 4733 videt
1257 4677 1517 4731 animam.
1552 4676 1625 4729 Et
1676 4674 1821 4728 enim
1859 4687 2057 4744 magna

475 4774 728 4831 dannonii
764 4781 1033 4842 potestas,
1066 4780 1351 4841 peccatum
1386 4778 1494 4835 est,
1529 4777 1719 4836 utpote
1751 4781 1871 4834 qua:
1897 4767 1966 4820 ah
1996 4780 2063 4820 eo

476 4868 704 4922 t-llicitur
737 4865 977 4934 fugiente
999 4864 1278 4918 virtutem.
1317 4861 1544 4930 Propter
1568 4860 1669 4913 hoc
1698 4868 2081 4913 mortnnsest'

480 4961 759 5024 Christus,
786 4969 843 5012 nt
875 4959 977 5012 hoc
1007 4956 1289 5011 destruat:
1319 4954 1430 5008 hoc
1458 4952 1604 5007 enim
1632 4960 1862 5006 mortem
1907 4951 2069 5005 indu-

474 5056 574 5119 xit,
609 5067 706 5120 per
765 5051 869 5106 hoc
925 5065 987 5105 ea
1021 5065 1144 5119 quae
1166 5062 1385 5102 sursum
1442 5053 1568 5099 sunt
1617 5045 1873 5099 deorsum
1925 5042 2064 5098 facta

476 5154 624 5199 sunt.
657 5142 715 5198 Si
734 5159 861 5213 ergo
894 5150 943 5196 et
973 5156 1072 5217 nos
1109 5140 1181 5193 ah
1202 5138 1460 5193 omnibus
1482 5137 1790 5191 exitnentes
1815 5149 1914 5190 nos
1942 5148 2065 5205 qua:

476 5238 543 5293 ad
567 5239 731 5290 vitam
756 5235 1065 5303 pertinent,
1108 5231 1403 5286 eﬂeramus
1432 5245 1531 5284 nos
1568 5228 1981 5295 atl'Cltristum,
2010 5236 2066 5282 et

469 5327 842 5397 apostolorum
894 5326 1068 5378 vitam
1104 5324 1382 5378 imitantes
1407 5318 1778 5386 llamnsjuxta
1816 5320 1941 5373 illos
1971 5320 2069 5371 do-

474 5432 655 5475 ctores
700 5417 882 5473 edocti
926 5418 979 5469 in
1009 5431 1235 5484 regnum
1262 5415 1544 5478 ('mluruut,
1575 5413 1641 5467 ad
1674 5414 1777 5468 hoc
1808 5412 1980 5466 simus
2009 5410 2063 5463 in

476 5512 757 5583 lcgodocti
825 5512 879 5565 itt
947 5509 1321 5575 evangelicum
1385 5518 1440 5562 et
1516 5523 1709 5561 novatn
1757 5505 2062 5560 doctrinam

472 5604 682 5662 CltriSIi
719 5643 736 5669 ,
800 5605 943 5659 hanc
1012 5604 1306 5673 diligenter
1358 5602 1596 5656 scientes
1649 5610 1703 5655 et
1760 5599 2061 5654 secundum

477 5699 722 5751 eamdem
755 5702 1129 5767 gubernantes
1166 5710 1300 5760 nos;
1339 5704 1501 5763 atque
1551 5696 1603 5747 in
1640 5694 1895 5765 praesenti
1952 5694 2062 5745 vita

480 5787 748 5861 fulgentes
806 5790 959 5857 juxta
1026 5788 1304 5858 apostolos
1343 5787 1590 5853 erimus,
1650 5797 1704 5841 et
1777 5787 1827 5838 itt
1885 5783 2071 5840 intuta

2163 4669 2286 4731 τίας
2317 4669 2808 4742 ἀπαλλαττομένην
2835 4671 2919 4743 ἴδῃ
2949 4673 3161 4743 ψυχήν.
3192 4673 3304 4726 Καὶ
3337 4673 3447 4742 γὰρ
3472 4674 3502 4741 ὴ
3538 4674 3768 4742 μεγάλη

2170 4761 2285 4814 τοῦτ
2304 4763 2566 4832 δαίμονος
2596 4764 2856 4835 δύναμις,
2901 4768 2934 4834 ἡ
2967 4767 3217 4836 ἁμαρτία
3253 4767 3420 4826 ἐστὶν.
3458 4769 3528 4828 ὡς
3570 4766 3638 4832 ἐξ
3667 4774 3774 4821 al-

2169 4853 2267 4907 τοῦ
2301 4854 2780 4925 δημιουργηθείσα
2813 4859 3081 4926 φυγόντος
3115 4859 3216 4928 τὴν
3239 4861 3465 4927 ἀρετήν.
3493 4859 3602 4910 Διὰ
3633 4861 3775 4911 ταῦ-

2170 4964 2276 5017 την
2302 4947 2580 5002 ἀπέθανεν
2606 4952 2634 5003 ὁ
2661 4950 2923 5020 Χριστὸς,
2948 4951 3037 5004 ἴνα
3066 4952 3274 5022 ταύτην
3306 4949 3599 5021 καταλύσῃ
3623 4967 3640 4983 ν
3674 4953 3775 5004 καὶ

2172 5040 2280 5111 γὰρ
2308 5039 2450 5112 αὕτη
2482 5040 2575 5094 τὸν
2602 5039 2838 5096 θάνατον
2863 5043 3130 5114 εἰσήγαγε
3157 5059 3172 5073 ·
3203 5043 3293 5097 διὰ
3312 5043 3517 5112 ταύτην
3548 5045 3624 5096 τὰ
3655 5045 3776 5096 ἀνω

2174 5131 2327 5185 κάτω
2366 5133 2615 5200 γέγονεν.
2665 5132 2763 5186 Ἂν
2798 5134 2981 5187 τοίνυν
3030 5134 3124 5188 καὶ
3165 5136 3329 5206 ἡμεῖς
3360 5136 3583 5189 πάντων
3626 5138 3778 5189 ἀπο-

2175 5223 2480 5292 στήσαντες
2516 5225 2750 5288 ἑαυτοὺς
2779 5226 2888 5278 τῶν
2926 5226 3219 5296 βιωτικῶν,
3266 5227 3598 5298 ἀναθώμεθα
3635 5230 3772 5281 ἑαυ-

2170 5317 2298 5377 τοὺς
2348 5316 2427 5386 τῷ
2459 5317 2708 5387 Χριστῷ,
2760 5319 2974 5373 καὶτὸν
3011 5319 3120 5372 τῶν
3163 5320 3484 5375 ἀποστόλων
3510 5320 3636 5392 βίον
3674 5321 3778 5391 gr.-

2174 5409 2453 5472 λώσαντες
2480 5410 2771 5481 γενώμεθα
2805 5412 2929 5465 κατ’
2961 5413 3210 5477 ἐκείνους
3257 5416 3617 5485 γραμματεῖς
3664 5434 3778 5481 μα-

2173 5502 2531 5571 θητευθέντες
2578 5507 2660 5567 εἰς
2689 5505 2792 5576 τὴν
2846 5507 3129 5574 βασιλείαν
3176 5509 3285 5561 τῶν
3310 5510 3586 5578 οὐρανῶν,
3645 5513 3779 5561 ἀντὶ

2170 5595 2290 5660 τοῦ,
2333 5595 2627 5665 γενώμεθα
2658 5603 2992 5669 νομομαθείς
3023 5602 3228 5673 εἰςτὴν
3261 5602 3646 5671 εὐαγγελικὴν
3679 5605 3778 5655 καὶ

2177 5689 2307 5741 νέαν
2334 5686 2688 5743 διδασκαλίαν
2715 5693 2978 5761 Χριστοῦ,
3005 5696 3083 5765 τῷ
3107 5695 3315 5766 ταύτην
3344 5695 3595 5764 ἀκριϐῶς
3625 5698 3776 5749 είδέ-

2172 5800 2281 5846 ναῑ.
2321 5779 2417 5833 καὶ
2467 5781 2848 5841 πολιτεύεσθαι
2882 5790 3021 5841 κατὰ
3049 5789 3276 5859 ταύτην,
3314 5791 3409 5842 mi
3455 5792 3509 5842 ἐν
3534 5806 3569 5841 τ
3593 5790 3623 5857 ft
3663 5808 3776 5841 πιε-
