4074 6472
476 373 584 444 915

1617 382 2018 444 THEODORI
2062 385 2605 449 ΜΕῙΛΤΕΝῙΟΤιΕ

3639 399 3738 463 915

546 493 603 548 '5.
635 490 698 546 Et
729 506 814 549 me
847 507 952 547 non
992 505 1174 547 errare
1225 492 1328 549 ista
1376 494 1649 551 dicentem
1684 502 1833 563 patet
1869 509 1932 549 et
1987 495 2069 551 his

2247 489 2315 566 γ’.
2352 502 2460 555 Καὶ
2499 502 2583 556 ὅτι
2617 502 2676 556 οὐ
2724 502 3036 573 σφάλλομαι
3075 505 3244 560 ταῦτα
3274 507 3473 575 λέγων,
3508 508 3662 579 δῆλον
3688 515 3745 577 ἐξ

477 599 597 653 qua:
634 587 1007 655 unusquisque
1061 587 1284 653 patitur.
1313 587 1473 641 Avari
1525 586 1744 656 quidem
1797 603 1921 641 eum
1979 584 2072 658 qui

487 676 620 730 nihil
654 676 856 749 injuste
886 680 993 749 egit
1028 680 1238 733 hostem
1282 689 1496 751 putant,
1532 689 1585 733 et
1615 694 1830 735 servum
1881 689 2069 736 tenere

481 769 670 824 Volunt
703 786 823 825 eum
859 772 949 841 qui
987 773 1122 827 liber
1153 783 1257 834 εει,
1290 784 1344 827 et
1401 774 1703 829 iuumneris
1748 774 1905 827 malis
1961 774 2070 827 eir-

490 862 794 916 rumdant:
844 863 1166 918 daemoniaci
1232 876 1409 919 autem
1476 866 1609 919 nihil
1669 867 1775 920 tale
1854 876 2069 934 agunt;

482 952 576 1002 sed
613 951 664 1003 in
694 953 889 1019 scipsis
926 954 1170 1007 nutriunt
1224 955 1492 1010 morbum.
1534 956 1595 1009 Et
1636 957 1688 1011 lll
1737 956 1935 1010 multas
1982 957 2076 1007 duo

485 1057 601 1097 mos
633 1053 906 1110 cwrtuut,
957 1058 1010 1099 et
1044 1062 1242 1102 nomen
1288 1047 1378 1101 Dei
1416 1049 1785 1119 blasphemari
1838 1050 2075 1112 faciunt,

483 1142 535 1181 ct
571 1132 741 1201 pestis
788 1134 1001 1188 urbium
1060 1147 1189 1189 sunt
1230 1148 1286 1192 et
1330 1138 1478 1192 orbis
1529 1153 1686 1193 terra:
1732 1157 1746 1195 :
1797 1142 1889 1209 qui
1947 1157 2077 1194 vero

484 1224 795 1279 dmmouiis.
844 1227 1233 1295 impediuntur,
1290 1231 1641 1284 miSeratione
1695 1234 1875 1302 potius
1928 1234 2073 1303 digni

487 1326 614 1370 Sttttl
667 1328 720 1370 et
752 1318 1047 1388 lacrymis:
1108 1330 1162 1373 et
1207 1322 1422 1387 quidem
1461 1322 1779 1379 daemoniaci
1813 1328 1933 1381 siue
1990 1328 2076 1381 iu-

492 1412 712 1466 teilectu
758 1411 1012 1481 pleraque
1043 1413 1249 1469 faciunt
1278 1434 1292 1470 :
1329 1419 1475 1470 avari
1509 1427 1687 1473 autem
1717 1435 1840 1472 cum
1866 1422 2080 1475 ratione

490 1512 737 1567 prec-ant,
772 1504 823 1555 in
857 1504 1050 1560 mediis
1084 1506 1308 1560 urbibus
1331 1508 1662 1562 bacchantes
1704 1526 1845 1563 novo
1897 1512 2080 1579 aliquo

491 1594 678 1653 furore
730 1594 920 1649 furiosi
962 1612 976 1649 :
1020 1599 1236 1664 quando
1269 1598 1416 1653 enim
1460 1599 1568 1653 tale
1620 1611 1919 1669 onerantur
1973 1604 2080 1656 dre-

488 1683 724 1737 mouiaei
773 1685 934 1754 quale
971 1684 1141 1741 Iudas
1181 1704 1346 1742 ausus
1384 1698 1484 1753 est,
1514 1690 1785 1759 ingentem
1863 1692 2078 1762 culpam

493 1786 753 1841 ope-ratus
783 1787 837 1831 et
886 1778 1102 1833 tradens
1153 1781 1471 1847 magistrum
1519 1782 1736 1850 triginta
1782 1784 2078 1851 argenteis,

492 1875 678 1932 utpote
704 1868 795 1936 qui
826 1884 1024 1923 avarus
1051 1879 1216 1926 esset.
1244 1872 1310 1926 Et
1345 1888 1534 1928 omnes
1567 1872 1690 1929 cilm
1743 1876 2080 1942 a‘mulantes,

489 1959 638 2012 velut
690 1959 879 2016 bestiae
944 1962 1183 2019 molestae
1246 1979 1274 2017 ο
1322 1964 1586 2033 decipulis
1656 1968 1922 2036 fugientes
1990 1985 2081 2020 nr-

489 2054 586 2106 hes
643 2053 983 2121 perturbant,
1031 2057 1246 2112 neruine
1296 2059 1605 2113 cohibente.
1659 2059 2087 2114 Circumdautur

490 2146 635 2199 enim
696 2147 775 2202 eis
826 2147 1085 2218 ligamina
1136 2152 1518 2219 undequaque,
1559 2151 1740 2220 qualia
1774 2160 1901 2206 sunt
1940 2152 2086 2217 judi-

490 2253 613 2291 eum
649 2240 813 2294 timor
836 2250 927 2295 aut
977 2243 1153 2313 legunt
1188 2245 1365 2307 mina),
1399 2253 1495 2298 aut
1539 2244 1901 2300 multitudinis
1931 2245 2085 2300 dam-

493 2332 663 2396 natio,
707 2341 762 2387 et
795 2334 901 2388 alia
951 2334 1103 2404 plura
1157 2336 1318 2404 istis;
1353 2340 1448 2392 sed
1482 2349 1659 2391 tamen
1693 2338 1808 2393 htec
1846 2340 2086 2393 disrum-

491 2432 715 2492 pentes,
749 2426 930 2480 omnia
968 2431 1240 2496 susdcque
1270 2429 1492 2485 faciunt.
1520 2431 1584 2485 Et
1627 2430 1672 2483 si
1714 2432 1834 2498 quis
1868 2432 2087 2485 tandem

499 2515 601 2567 huc
632 2515 701 2570 ab
723 2516 853 2587 ipsis
882 2519 1262 2584 auferal,tune
1292 2536 1589 2590 agnoscere
1612 2533 1785 2590 petest
1809 2524 2089 2577 evidenter

499 2608 643 2676 quod
700 2609 754 2663 in
822 2609 956 2678 ipsis
1014 2623 1096 2665 est
1143 2614 1495 2678 «taetronium,
1539 2616 1706 2670 multo
1753 2615 1907 2685 pejus
1968 2631 2091 2674 esse

492 2713 658 2767 quam
707 2700 896 2757 exiens
919 2711 973 2757 et
1007 2702 1283 2761 furiosius.

564 3061 622 3116 4.
660 3060 769 3117 Sed
803 3075 970 3131 quum
1013 3059 1143 3117 illud
1185 3076 1291 3116 non
1322 3061 1434 3116 ﬁeri
1467 3070 1647 3130 potest
1677 3060 1778 3115 nisi
1812 3075 2088 3125 sermone,

498 3164 711 3213 tantum
737 3154 841 3210 hoc
862 3170 1218 3224 exponemus,
1237 3166 1291 3209 et
1328 3169 1520 3209 omnes
1570 3154 1689 3223 ejus
1710 3168 2092 3223 percurremus

497 3257 833 3307 catenaszet
860 3259 986 3302 tunc
1017 3249 1163 3302 clare
1192 3249 1426 3303 sciemus
1454 3248 1571 3317 ejus
1602 3248 1840 3302 furorem
1861 3262 1876 3313 ;
1897 3247 1992 3301 sed
2029 3262 2094 3300 ne

504 3341 746 3397 timeatis
785 3339 1026 3396 belluam
1052 3380 1068 3405 ,
1115 3338 1337 3408 quando
1379 3338 1547 3407 ipsam
1597 3334 2002 3402 revelahifnus;
2039 3337 2092 3390 in

502 3436 672 3490 verbo
701 3434 848 3486 enim
883 3446 1071 3493 scena,
1112 3446 1218 3484 non
1257 3431 1310 3482 in
1341 3432 1571 3485 veritate
1600 3446 1685 3485 res
1716 3416 1823 3485 est.
1856 3429 1939 3485 Sit
1964 3445 2096 3499 ergo

503 3526 670 3584 homo
711 3525 931 3595 quidam
983 3524 1161 3594 ignem
1215 3523 1390 3576 oculis
1435 3523 1709 3586 emittens,
1763 3522 1920 3593 niger
1984 3531 2095 3577 toto

504 3631 756 3687 corpore,
809 3622 1143 3686 ‘exutroqne
1197 3616 1421 3671 humero
1487 3626 1768 3684 serpentes
1826 3632 1926 3686 pro
1978 3632 2099 3670 ma-

510 3715 678 3771 nibus
720 3711 953 3773 habens
1013 3711 1424 3781 dependentes;
1479 3711 1552 3763 sit
1622 3710 1697 3764 illi
1757 3725 1971 3779 quoque
2008 3728 2091 3776 os,

509 3822 605 3881 pro
663 3806 917 3862 deutilms
959 3820 1120 3861 enses
1181 3815 1370 3859 acutos
1424 3803 1630 3861 habens
1701 3803 1930 3869 inlixos,
1976 3803 2097 3859 loco

511 3912 690 3963 autem
731 3903 929 3974 linguae
959 3899 1159 3955 veneni
1214 3897 1502 3967 perniciosi
1562 3897 1761 3951 fontem
1791 3898 2097 3953 scaturienv

494 4012 618 4055 ~tetn
646 4017 662 4057 :
692 3998 893 4053 Venter
934 4005 1112 4051 autem
1149 4010 1297 4052 0mm
1330 4002 1543 4054 camino
1570 3993 1776 4053 aVidior
1811 3999 1954 4057 illata
1983 4012 2100 4052 om~

508 4095 600 4149 uia
624 4094 916 4149 absumens
940 4108 961 4175 ⁵;
985 4103 1038 4148 et
1067 4095 1229 4162 pedes
1253 4093 1421 4162 agiles
1450 4103 1506 4147 et
1531 4093 1743 4147 ﬂamma
1782 4095 1975 4162 quavis
1999 4111 2097 4148 ve-

512 4189 779 4254 lociores;
813 4199 867 4241 et
901 4188 1068 4243 facies
1099 4188 1172 4243 illi
1208 4191 1275 4245 de
1310 4189 1436 4259 lupo
1459 4198 1515 4244 et
1538 4204 1671 4244 cane
1702 4192 2097 4259 compositum:

512 4282 769 4349 loquatur
828 4279 964 4335 nihil
1014 4279 1257 4343 humani,
1285 4278 1383 4334 sed
1421 4281 1540 4336 sine
1559 4295 1717 4348 sono,
1754 4281 1872 4336 sine
1918 4282 2101 4349 lepore

510 4381 565 4427 et
598 4371 958 4438 terribiliter;
996 4370 1196 4424 habeat
1247 4371 1300 4424 in
1335 4370 1589 4427 manibus
1639 4370 1914 4425 ﬂammam
1949 4371 2102 4425 :l'or-

512 4481 609 4517 san
661 4462 923 4517 terribilia
954 4462 1112 4518 nobis
1139 4463 1395 4518 videntur
1446 4479 1573 4520 esse
1621 4480 1742 4534 qua:
1797 4466 2096 4531 dicuntur;

2175 587 2252 647 ῶν
2278 595 2533 664 ἑκάτεροι
2566 596 2873 667 πάσχουσιν
2900 615 2915 628 ·
2952 599 3003 652 οἱ
3039 601 3138 668 μὲν
3167 599 3278 670 γὰρ
3308 600 3635 672 φιλάργυροι
3661 607 3747 658 τδν

2175 687 2327 742 οὐδὲν
2376 688 2701 757 ἠδικηκότα,
2740 690 2937 761 ἐχθρὸν
2987 692 3271 761 ἡγοῦνται,
3301 694 3395 747 καὶ
3441 693 3626 748 δοῦλον
3658 697 3745 749 λα-

2176 780 2293 831 ϐεῖν
2322 779 2608 849 βούλονται
2640 783 2732 836 τὸν
2767 783 3053 853 ἐλεύθερον
3087 786 3236 844 ὄντα.
3270 788 3367 840 καὶ
3414 787 3626 856 μυρίοις
3653 805 3743 841 κα-

2176 877 2296 937 κοῖς
2335 876 2761 944 περιϐάλλουσιν
2784 893 2798 906 ’
2835 880 2883 929 οἱ
2927 877 2984 931 δὲ
3015 877 3404 947 δαιμονῶντες,
3447 880 3599 933 οὐδὲν
3641 898 3745 934 τοι⁶

2176 966 2334 1019 οὖτον
2389 968 2743 1036 ἐργάζονται,
2798 968 2913 1021 ἀλλ’
2967 971 3026 1022 ὲν
3074 971 3287 1035 ἑαυτοῖς
3337 970 3602 1040 τρέφουσι
3648 972 3744 1039 τὴν

2178 1058 2368 1111 νόσον·
2404 1060 2497 1112 καὶ
2547 1053 2693 1113 οὗτοι
2743 1062 2842 1128 μὲν
2893 1060 3094 1126 πολλὰς
3143 1062 3322 1124 οίκίας
3362 1065 3744 1132 ἀνατρέπουσι,

2178 1153 2276 1205 καὶ
2304 1154 2366 1205 τὸ
2394 1153 2567 1223 ὄνομα
2601 1152 2694 1206 τοῦ
2728 1153 2864 1206 Θεοῦ
2898 1154 3343 1222 βλασφημεῖσθαι
3396 1155 3744 1223 παρασκευά-

2180 1243 2356 1309 ζουσι,
2387 1245 2483 1298 mi
2529 1246 2675 1313 λύμη
2711 1245 2921 1298 πόλεων
2952 1245 3048 1298 καὶ
3092 1244 3188 1309 τῆς
3214 1244 3541 1313 οἰκουμένης
3573 1244 3746 1311 πάσης

2180 1340 2321 1391 εἰσίν
2349 1354 2363 1369 ⁸
2397 1339 2447 1391 οἱ
2490 1338 2546 1391 δὲ
2575 1339 2679 1389 ὑπδ
2709 1338 2984 1406 δαιμόνων
3027 1338 3429 1407 ἐνοχλούμενοι,
3482 1335 3749 1389 ἐλεεῖσθαι

2186 1432 2390 1502 μᾶλλον
2426 1431 2566 1483 εἰσὶν
2597 1430 2740 1497 ἄξιοι
2762 1432 2885 1484 ικαὶ
2914 1429 3251 1500 δακρύεσθαι
3273 1446 3288 1461 ⁸
3317 1430 3411 1480 καὶ
3434 1429 3483 1481 οἱ
3514 1428 3614 1496 μὲν
3643 1428 3749 1480 δαι-

2185 1524 2457 1595 μονῶντες
2493 1524 2828 1594 ἀναισθησίᾳ
2864 1523 2935 1576 τὰ
2968 1524 3191 1576 πλείονα
3219 1523 3551 1592 πράττουσιν
3572 1538 3587 1552 ’
3616 1521 3664 1577 οἱ
3695 1519 3747 1571 δὲ

2184 1617 2517 1688 φιλάργυροι
2547 1618 2687 1686 μετά
2710 1617 2973 1687 λογισμοῦ
2993 1617 3457 1685 παραπταίουσιν,
3480 1616 3538 1665 έν
3562 1613 3750 1681 μέσαις

2184 1712 2377 1763 πόλεσι
2414 1710 2838 1780 βακχευόμενοι,
2876 1712 3076 1777 καινήν
3123 1726 3247 1761 τινα
3285 1707 3605 1778 μαινόμενοι
3657 1721 3756 1773 μα-

2187 1804 2422 1870 νίανοτί
2471 1804 2578 1873 γάρ
2632 1801 2875 1856 τοιοῦτον
2918 1802 3243 1872 ἐργάσονται
3292 1799 3342 1851 oi
3397 1798 3756 1866 δαιμονῶντες

2189 1898 2457 1960 ἅπαντες,
2507 1892 2622 1950 οἷον
2664 1893 2864 1958 Ἰούδας
2894 1895 3188 1964 ἐτόλμησε,
3217 1892 3313 1964 τὴν
3361 1892 3628 1959 μεγίστην
3658 1906 3758 1940 πα.

2194 1994 2460 2060 ρανομιαν
2498 1990 2905 2059 ἐργασάμενος,
2937 1989 3032 2041 καὶ
3057 1987 3292 2057 προδοὺς
3324 1985 3413 2037 τὸν
3437 1982 3756 2036 διδάσκαλον

2187 2085 2490 2154 τριάκοντα
2526 2082 2834 2154 ἀργυρίοις,
2869 2083 2961 2136 ἅτε
3002 2080 3341 2150 φιλάργυρος
3370 2076 3478 2129 ὤν’
3513 2078 3609 2129 καὶ
3639 2076 3762 2127 πάνυ

2189 2193 2282 2240 τες
2308 2177 2364 2231 δὲ
2391 2178 2441 2230 οἱ
2481 2179 2691 2229 ἐκεῖνον
2719 2174 3033 2240 ζηλοῦντες,
3068 2172 3324 2240 καθάπερ
3365 2168 3530 2238 θηρία
3554 2163 3760 2237 χαλεπὰ

2190 2269 2301 2325 ἀπδ
2329 2269 2641 2339 γαλιάγρας
2669 2268 2915 2337 φυγόντα
2943 2267 3045 2330 τὰς
3075 2265 3261 2326 πόλεις
3298 2259 3644 2330 θορυόοὖσιν,
3673 2258 3764 2309 οὐ-

2190 2364 2342 2427 δενδς
2377 2364 2703 2431 κατέχοντος
2731 2377 2744 2391 ·
2780 2361 3126 2430 περίκεινται
3159 2360 3255 2429 μὲν
3293 2356 3402 2425 γὰρ
3429 2356 3524 2408 καὶ
3559 2353 3764 2414 τούτοις

2193 2456 2336 2523 εσμὰ
2387 2455 2750 2527 πανταχόθεν,
2798 2448 2911 2505 οἷον
2940 2454 2970 2503 δ
3024 2453 3134 2503 τῶν
3169 2448 3446 2503 δικαστῶν
3501 2444 3749 2512 φόϐος,ἡ

2191 2546 2300 2599 τῶν
2327 2546 2513 2613 νόμιον
2541 2542 2762 2612 ἀπειλὴ,
2803 2545 2836 2612 ὴ
2883 2542 3038 2610 παρὰ
3071 2540 3180 2592 τῶν
3223 2537 3433 2592 πολλῶν
3483 2536 3759 2599 κατάγνω-

2193 2656 2298 2701 σις,
2332 2639 2427 2691 καὶ
2457 2636 2622 2705 ἔτερα
2645 2634 2868 2687 πλείονα
2886 2635 3093 2685 τούτων
3118 2649 3132 2663 ·
3160 2629 3276 2684 ἀλλ’
3305 2631 3452 2698 ὅμως
3475 2628 3570 2680 καὶ
3599 2623 3761 2679 ταῦτα

2190 2728 2645 2801 διαρῤηγνύντες,
2702 2727 2882 2779 πάντα
2924 2723 3038 2778 ἄνω
3070 2722 3163 2774 καὶ
3198 2723 3350 2773 κάτω
3393 2717 3642 2770 ποιοῦσιο
3675 2711 3762 2768 καὶ

2192 2823 2246 2875 εί
2274 2839 2359 2886 τις
2389 2822 2532 2874 αὐτὰ
2563 2820 2744 2873 τέλεον
2794 2817 2975 2871 αὐτῶν
3004 2815 3216 2885 ἀφεῖλε,
3249 2813 3372 2866 τότε
3403 2811 3466 2864 ἂν
3507 2810 3649 2880 ἔγνω
3680 2823 3763 2859 σα-

2193 2916 2310 2986 φῶς
2336 2916 2430 2969 τὸν
2462 2917 2519 2968 ἐν
2559 2915 2745 2975 αὐτοῖς
2784 2911 3037 2980 δαίμονα,
3078 2907 3213 2961 πολὺ
3267 2904 3363 2959 τοῦ
3403 2904 3498 2959 νῦν
3529 2901 3765 2966 ἐξελθόν-

2191 3024 2286 3069 τος
2316 3007 2655 3075 ἀγριώτερον
2695 3004 2827 3056 ὄντα
2857 3003 2952 3055 καὶ
2995 3003 3393 3070 μανικώτερον.

2263 3098 2327 3153 δ’.
2372 3099 2517 3152 Ἀλλ’
2570 3097 2758 3166 ἐπειδὴ
2792 3095 2952 3149 τοῦτο
2990 3095 3090 3147 οὐκ
3147 3094 3251 3153 ἓνι,
3287 3092 3364 3162 τῷ
3420 3090 3564 3159 λόγῳ
3614 3086 3764 3149 τέως,

2198 3188 2330 3242 αὐτὸ
2355 3187 2711 3256 ὑποοώμεθα,
2748 3198 2842 3239 και
2870 3187 3053 3248 πάσας
3099 3185 3264 3239 αὑτοῦ
3299 3180 3646 3253 περιέλωμέεν
3676 3177 3766 3243 τὰς

2199 3280 2423 3343 ἁλύσεις
2444 3299 2459 3313 ο
2491 3281 2585 3333 καὶ
2621 3281 2741 3333 τότε
2783 3279 2950 3333 αὑτοῦ
2984 3278 3174 3347 σαφῶς
3214 3276 3477 3347 εἰσόμεθα
3505 3272 3609 3342 τὴν
3637 3272 3770 3337 λαμ·

2199 3375 2346 3444 πρὰν
2376 3375 2577 3442 μανίαν
2605 3389 2619 3404 ο
2651 3373 2786 3425 ἀλλὰ
2815 3372 2888 3441 μὴ
2912 3372 3125 3442 δείσητε
3152 3369 3212 3423 τὸ
3246 3368 3455 3438 θηρίον,
3484 3369 3617 3420 ὅταν
3646 3360 3772 3417 αὐτὸ

2198 3464 2597 3534 ἐκκαλύῷωμεν
2626 3478 2641 3495 ’
2692 3465 2750 3516 ὲν
2784 3463 2893 3532 γὰρ
2942 3461 3020 3531 τῷ
3067 3461 3210 3529 λόγῳ
3256 3461 3289 3530 ὴ
3334 3457 3530 3527 σκηνὴ,
3560 3457 3664 3508 οὐκ
3716 3455 3770 3509 ὲν

2197 3558 2429 3629 ἀληθείᾳ
2455 3558 2515 3611 τὸ
2542 3559 2798 3627 πρᾶγμα.
2826 3558 3010 3609 Ἔστω
3038 3557 3218 3607 τοίνυν
3242 3570 3323 3614 τις
3347 3551 3635 3620 ἄνθρωπος
3667 3546 3771 3615 πῦρ

2199 3653 2308 3706 ἀπὸ
2339 3652 2450 3705 τῶν
2482 3649 2784 3719 ὀφθαλμῶν
2813 3649 3019 3717 ἀφιεὶς,
3062 3647 3229 3716 μέλας
3260 3644 3383 3698 ὅλον
3411 3643 3475 3694 τὸ
3505 3642 3692 3709 σῶμα,
3720 3638 3772 3701 ἐξ

2199 3744 2482 3815 ἑκατέρων
2535 3742 2644 3795 τῶν
2683 3740 2855 3810 ὤμων
2905 3739 3209 3809 δράκοντας
3255 3735 3377 3787 ἀντὶ
3410 3730 3613 3802 χειρῶν
3643 3730 3775 3799 ἔχων

2200 3834 2615 3906 ἐξηρτημένους
2640 3849 2656 3864 ο
2695 3833 2837 3885 ἔστω
2877 3830 2935 3883 δὲ
2967 3828 3118 3897 αὖτῷ
3162 3830 3260 3879 καὶ
3294 3826 3489 3893 στόμα,
3523 3824 3651 3875 ἀντὶ
3684 3820 3776 3888 μὲν

2199 3925 2431 3977 ὀδόντων
2468 3922 2598 3990 ξίφη
2649 3919 2778 3984 ὀξέα
2820 3918 2961 3988 ἔχων
2995 3915 3306 3984 πεπηγότα,
3339 3913 3459 3964 ἀντὶ
3492 3910 3549 3963 δὲ
3607 3908 3778 3977 γλώτ-

2200 4035 2322 4088 τηςν
2358 4016 2438 4070 ιοῦ
2478 4017 2573 4068 καὶ
2623 4012 2957 4083 δηλητηρίου
3001 4009 3297 4080 φαρμάκου
3324 4005 3506 4076 πηγὴν
3541 4001 3778 4059 ἀναϐλύ-

2202 4108 2403 4171 ζευσαν
2426 4119 2441 4134 ·
2472 4106 2690 4174 γαστὴρ
2740 4104 2797 4157 δὲ
2822 4102 3059 4172 καμίνου
3108 4101 3291 4169 πάσης
3333 4098 3774 4165 δαπανικωτέρα.

2200 4198 2271 4251 τὰ
2322 4198 2712 4267 ἐμϐαλλόμενα
2779 4197 2959 4247 πάντα
3013 4192 3420 4246 ἁναλίσκουσα’
3473 4190 3567 4241 καὶ
3620 4187 3777 4247 πόδες

2204 4289 2507 4360 ὑπόπτεροι
2545 4305 2712 4352 τινες,
2766 4287 2859 4339 καὶ
2888 4285 3090 4356 φλογὸς
3124 4283 3345 4352 ἀπάσης
3389 4281 3777 4351 σφοδρότερον

2203 4383 2301 4435 καὶ
2325 4383 2385 4435 τὸ
2424 4381 2721 4452 πρόσωπον
2761 4379 2818 4433 δὲ
2847 4376 2997 4447 αὑτῷ
3026 4378 3133 4430 ἀπὸ
3173 4376 3335 4439 κυνὸς
3367 4375 3459 4426 καὶ
3488 4372 3658 4424 λύκου
3686 4385 3783 4421 κα-

2205 4476 2651 4544 τεσκευασμένον
2680 4472 2822 4526 ἔστω
2843 4488 2860 4504 θ
2891 4474 2986 4524 καὶ
3010 4469 3337 4539 φθεγγέσθω
3380 4466 3549 4535 μηδὲν
3575 4461 3784 4534 ἀνθρώ-

513 4561 608 4613 sed
647 4556 886 4612 nondum
924 4557 1060 4612 satis
1099 4559 1470 4625 expressimus
1498 4573 1622 4613 eum
1658 4575 1677 4614 :
1701 4560 1767 4613 ad
1805 4559 1922 4616 haec
1953 4561 2089 4614 enim

2205 4584 2387 4628 πινον,
2414 4565 2532 4619 ἀλλ’
2557 4565 2772 4635 ἀπηχές
2795 4581 2850 4616 τι
2880 4563 2977 4617 καὶ
3001 4561 3164 4632 ἀηδὲς
3192 4561 3284 4613 καὶ
3314 4558 3444 4627 φοϐε
3456 4558 3546 4627 ρόν
3567 4572 3582 4586 ο
3612 4556 3783 4626 ἐχέτω

514 4664 569 4708 et
588 4652 694 4706 alia
715 4662 922 4721 oportet
960 4650 1195 4707 addere:
1216 4651 1426 4708 scilicet
1446 4655 1637 4709 obvios
1659 4655 1912 4720 trucidet,
1933 4654 2102 4709 devo-

520 4757 599 4803 ret
624 4762 797 4815 usque
828 4746 894 4798 ad
916 4759 1040 4800 ossa
1060 4754 1115 4800 et
1154 4746 1442 4802 medullas.
1468 4746 1574 4801 Sed
1591 4746 1772 4802 ethoc'
1790 4747 1960 4801 multo
1988 4761 2102 4800 mo-

520 4839 710 4897 Iustior
747 4847 833 4894 est
874 4855 1072 4894 avarus
1099 4845 1281 4895 omnia
1307 4838 1573 4896 invadens
1614 4852 1672 4894 ut
1701 4856 1883 4907 orcus,
1908 4857 2103 4899 omnes

520 4931 771 4996 ebibens,
838 4933 1146 4991 communis
1207 4934 1382 4990 hostis
1437 4950 1766 5003 percurrens
1821 4936 2100 4991 hominum

520 5038 712 5090 genus.
752 5019 886 5076 Nam
912 5023 1028 5079 vult
1067 5024 1341 5080 hominem
1379 5042 1503 5082 esse
1547 5027 1780 5092 nullum,
1814 5037 1871 5080 ut
1923 5029 2110 5083 omnia

524 5114 801 5183 possideat
847 5133 996 5174 :nec
1062 5118 1134 5173 ibi
1182 5120 1434 5174 censistit
1461 5133 1479 5188 ;
1510 5118 1606 5173 sed
1657 5125 1876 5187 quando
1924 5137 2112 5176 omnes

523 5210 890 5272 destruxisset
913 5210 1230 5280 cupiditate,
1261 5220 1316 5264 et
1366 5223 1526 5267 terra;
1565 5214 1857 5275 essentiam
1905 5214 2107 5268 mutari

527 5302 707 5365 tellet,
752 5312 806 5354 et
855 5317 1046 5357 aurum
1095 5318 1215 5357 eam
1249 5303 1486 5359 videre:
1539 5321 1645 5357 non
1700 5315 1880 5360 autem
1936 5308 2106 5362 solam

531 5402 763 5454 terram,
786 5394 877 5446 sed
914 5402 968 5445 ct
1007 5403 1220 5448 Ilttmlt‘s
1252 5405 1302 5446 et
1343 5395 1527 5462 sylvas
1549 5405 1603 5449 et
1633 5397 1809 5453 loutes
1840 5409 1893 5451 et
1927 5400 2108 5453 outriia

532 5483 852 5552 simpliciter
893 5485 1208 5554 apparentia
1240 5487 1544 5557 (visibilia).

532 5578 739 5639 πάντας
767 5577 1010 5650 ἀπολέσῃ
1042 5582 1107 5648 τῇ
1141 5578 1437 5650 ἐπιθυμίᾳ,
1470 5580 1567 5635 καὶ
1619 5584 1718 5652 τῆς
1748 5582 1851 5652 γῆς
1882 5584 1980 5653 τὴν
2048 5584 2241 5639 οὐσίαν
2296 5588 2562 5655 ἀφανίσαι
2611 5588 2893 5656 ἐπιθυμεῖ,

2209 4657 2236 4709 ὲ
2279 4656 2375 4710 καὶ
2430 4658 2493 4708 ὲν
2525 4654 2688 4724 χερσὶ
2741 4652 2920 4722 φλόγα
2947 4670 2963 4686 ο
2999 4654 3141 4722 τάχα
3186 4650 3400 4720 φοϐερά
3447 4651 3580 4718 ὑμῖν
3627 4647 3774 4699 δοκεῖ

2207 4745 2350 4804 εἶναι
2376 4748 2446 4801 τὰ
2500 4750 2766 4816 εἰρημένα
2788 4763 2802 4779 ⁸
2848 4746 2968 4799 ἀλλ’
3027 4746 3239 4798 οὐδέπω
3270 4742 3393 4798 κατ’
3435 4742 3592 4806 ἀξίαν
3625 4740 3788 4793 αὐτὴν

2209 4844 2711 4914 ὲσχηματίσαμεν·
2764 4841 2903 4910 μετὰ
2944 4840 3052 4911 γὰρ
3103 4838 3311 4892 τούτων
3358 4840 3453 4891 καὶ
3497 4837 3662 4906 ἔτερα
3713 4832 3792 4885 δεῖ

2211 4935 2534 5007 προσθεῖναι
2556 4950 2571 4965 ³
2634 4934 2871 5005 καὶγὰρ
2911 4933 3040 4996 τοὺς
3085 4929 3442 4992 ἀπαντῶντας
3477 4929 3790 4996 σφαττέτω,

2212 5027 2579 5092 κατεσθιέτω,
2615 5027 2725 5080 τῶν
2759 5028 2967 5081 ὀστέων
3006 5025 3190 5081 αὐτῶν
3230 5026 3324 5079 καὶ
3362 5023 3577 5095 μυελῶν
3604 5038 3620 5052 ·
3657 5021 3791 5075 ἀλλὰ

2213 5125 2309 5178 καὶ
2359 5124 2552 5176 τούτου
2586 5121 2770 5189 πολλῷ
2800 5121 3182 5191 χαλεπώτερος
3227 5121 3255 5171 ό
3295 5117 3659 5186 φιλάργυρος,
3689 5114 3795 5167 πίε

2218 5234 2306 5269 σιν
2344 5214 2516 5269 ἐπιὼν
2544 5215 2738 5284 ῶσπερ
2776 5214 2933 5286 ᾅδης,
2962 5213 3169 5275 πάντας
3224 5214 3562 5270 καταπίνων,
3616 5209 3794 5269 κοενδς

2219 5309 2483 5378 πολέμιος
2512 5308 2946 5379 περιερχόμενος
2988 5304 3085 5359 τοῦ
3119 5304 3228 5357 τῶν
3256 5302 3556 5374 ἀνθρώπων
3582 5301 3793 5368 γένους.

2221 5404 2332 5455 Καὶ
2365 5402 2475 5469 γὰρ
2522 5402 2774 5471 βούλεται
2818 5400 3026 5470 μηδένα
3062 5400 3350 5466 ἄνθρωπον
3395 5392 3557 5459 εἶναι,
3594 5396 3686 5446 ἵνα
3733 5394 3798 5444 τὰ

2232 5494 2412 5547 πάντα
2440 5495 2648 5570 κατέχῃ
2678 5509 2691 5521 ’
2724 5497 2816 5548 καὶ
2847 5492 2969 5546 οὐδὲ
2995 5491 3234 5544 ἐνταῦθα
3265 5489 3503 5550 ἵσταται,
3528 5487 3647 5540 ἀλλ’
3674 5487 3800 5539 ὅταν

2980 5586 3074 5638 καὶ
3117 5582 3319 5653 χρυσὸν
3398 5582 3570 5652 αὐτὴν
3636 5574 3804 5635 οὖσαν

541 5670 671 5727 ἰδεῖν
694 5690 712 5707 θ
747 5674 807 5726 οὐ
840 5673 939 5745 τὴν
958 5675 1063 5745 γῆν
1086 5676 1141 5728 δὲ
1172 5677 1354 5745 μόνον,
1379 5678 1517 5731 ἀλλὰ
1544 5678 1638 5731 καὶ
1678 5679 1781 5749 ὅρη
1811 5681 1905 5732 καὶ
1937 5682 2113 5744 νάπας
2155 5683 2249 5735 καὶ
2285 5685 2490 5752 πηγὰς,
2532 5685 2624 5735 καὶ
2654 5685 2827 5736 πάντα
2859 5682 3049 5743 ἅπλῶς
3082 5680 3153 5732 τὰ
3190 5679 3514 5747 φαινόμενα.

611 5765 641 5820 ὕ
688 5765 748 5824 Et
780 5776 831 5821 ut
870 5767 1088 5827 discetis
1120 5770 1357 5828 nondum
1391 5768 1791 5829 fururemillius
1819 5775 2126 5834 expositum

2311 5782 2373 5829 ε’.
2409 5779 2516 5829 lia!
2546 5777 2632 5830 ἵνα
2666 5775 2874 5845 μάθητε
2906 5777 2987 5828 ὅτι
3030 5772 3241 5827 οὐδέπω
3271 5770 3370 5840 τὴν
3400 5772 3597 5841 μανίαν
3629 5785 3799 5839 παρε-
