4074 6498
387 425 492 487 917

1768 434 2104 498 ETIIICON
2139 439 2205 501 ν.

3557 441 3663 507 923

388 542 674 612 στήσαμεν
696 528 796 611 τὴν
826 542 1066 613 ἐκείνου,
1095 544 1289 617 μηδεὶς
1334 546 1477 602 ἔστω
1509 548 1537 602 ὁ
1567 547 1838 617 ἐγκαλῶν,
1873 551 1969 605 καὶ

2080 567 2217 617 esse,
2252 551 2438 608 nullus
2466 552 2534 608 sit
2583 553 2881 626 objurgans
2915 563 2970 612 et
3012 554 3235 622 timens,
3287 554 3381 610 sed
3432 554 3556 610 tolle
3590 557 3664 611 le-'

385 633 782 704 δεδιττόμενος,
812 635 950 691 ἀλλὰ
979 636 1140 692 ἄνελε
1171 638 1266 694 τὸν
1311 642 1375 695 ἐκ
1406 641 1518 695 τῶν
1561 642 1745 713 νόμων
1774 643 1966 710 φόϐον,

388 725 468 805 τῷ
517 724 665 796 λόγῳ
689 728 850 795 τέως,
900 731 999 783 καὶ
1039 729 1162 801 ὄψει
1211 733 1378 787 αὐτὸν
1423 733 1578 806 ξίφος
1616 736 1969 808 ἁρπάσαντα,

387 819 486 872 καὶ
519 820 735 883 πάντας
783 820 1189 893 διαχρώμενον,
1246 827 1343 880 καὶ
1373 827 1591 892 οὐδενὸς
1625 829 1970 899 φειδόμενον,

386 911 450 964 οὐ
475 910 658 980 φίλου,
715 912 777 965 οὐ
816 914 1141 982 συγγενοῦς,
1196 919 1299 970 οὐκ
1335 917 1590 987 ἀδελφοῦ,
1646 919 1747 973 οὐκ
1800 919 1970 974 αὑτοῦ

384 1002 482 1054 τοῦ
532 1005 966 1073 γεγεννηκότος⁶
1018 1009 1227 1076 μᾶλλον
1267 1010 1326 1062 δὲ
1357 1005 1478 1064 οὖδὲ
1530 1011 1845 1077 ὑποθέσεως
1881 1012 1972 1067 ἐν·

388 1094 562 1148 ταῦθα
608 1097 789 1166 χρεία,
824 1099 942 1151 ἀλλ’
973 1100 1232 1171 ἐρώμεθα
1280 1103 1468 1171 αὐτὸν,
1504 1105 1555 1159 εί
1594 1104 1669 1176 μὴ
1710 1104 1972 1169 τοιαύτας

387 1186 618 1239 πλάττει
672 1188 797 1240 καθ’
849 1191 1046 1245 ἑαυτὸν
1096 1196 1402 1261 φαντασίας
1447 1196 1557 1258 ἀεὶ,
1618 1198 1713 1250 καὶ
1760 1197 1971 1263 πάντας

389 1280 609 1334 ἔπεισιν
654 1283 899 1354 ἀναιρῶν
928 1284 1008 1357 τῷ
1047 1285 1299 1358 λογισμῷ
1347 1290 1441 1344 καὶ
1482 1290 1671 1358 φίλους
1713 1293 1808 1345 καλ¹
1837 1308 1972 1361 συγ-

387 1375 571 1439 γενεῖς
623 1374 720 1427 καὶ
766 1376 968 1441 αὐτοὺς
1016 1379 1144 1444 τοὺς
1174 1383 1583 1451 γεγεννηκότας
1611 1400 1626 1414 ·
1676 1384 1884 1453 μᾶλλον
1914 1386 1971 1438 δὲ

387 1464 490 1515 οὐκ
524 1466 850 1536 ἐρωτήσεως
897 1471 1053 1538 χρεία
1077 1487 1094 1502 ο
1131 1472 1229 1524 καὶ
1268 1473 1378 1545 γὰρ
1427 1475 1629 1539 πάντες
1667 1476 1869 1543 ἴσασιν,
1896 1477 1973 1543 ὡς

388 1557 439 1608 οἱ
473 1556 651 1627 τούτῳ
687 1562 1050 1633 κατεχόμενοι
1081 1564 1159 1634 τῷ
1209 1568 1508 1635 νοσήματι,
1541 1571 1638 1623 καὶ⁸
1668 1571 1845 1640 γῆρας
1879 1570 1974 1641 βα-

391 1645 652 1716 ρύνονται
685 1652 917 1719 πατρὸς,
947 1652 1009 1705 τό
1040 1671 1101 1706 τε
1132 1654 1306 1723 γλυκὺ
1332 1659 1428 1710 καὶ
1448 1660 1617 1712 πᾶσιν
1648 1660 1971 1730 ἐπέραστον,

388 1739 450 1790 τὸ
475 1739 678 1802 παῖδας
706 1741 874 1811 ἔχειν,
910 1744 1050 1813 βαρὺ
1078 1750 1174 1798 καλ⁵
1204 1748 1446 1817 ἐπαχθὲς
1485 1747 1627 1805 εἶναι
1657 1751 1969 1820 νομίζουσι.

391 1831 592 1884 Πολλοὶ
621 1833 754 1900 γοῦν
795 1838 890 1889 καὶ
929 1837 1159 1891 ἀτοκίαν
1210 1841 1300 1894 διὰ
1330 1841 1493 1895 τοῦτο
1539 1842 1845 1913 ὠνήσαντο,
1877 1844 1974 1898 καὶ

391 1921 492 1993 τὴν
521 1923 688 1991 φύσιν
716 1928 1043 1996 ἐπήρωσαν,
1075 1931 1177 1985 οὐκ
1208 1933 1493 1998 ἀνελόντες
1520 1937 1811 2005 τεχθέντας
1846 1936 1977 2002 τοὺς

391 2018 614 2078 παίσας,
659 2017 797 2071 ἀλλὰ
835 2021 975 2090 μηδέ
1014 2020 1182 2089 φύναι
1231 2024 1333 2093 τὴν
1370 2026 1548 2097 ἀρχὴν
1582 2030 1978 2101 συγχωρήσαν-

391 2124 508 2170 τες.
557 2111 650 2178 Μὴ
684 2112 868 2167 τοίνυν
903 2112 1263 2185 θαυμάσησθε
1297 2118 1346 2170 εί
1386 2119 1476 2172 τὸν
1509 2119 1846 2192 φιλάργυρον
1888 2121 1977 2175 οὗ·

395 2194 505 2264 τῶξ
563 2204 1056 2276 ἐσχηματίσαμενο
1114 2210 1353 2281 καὶγὰρ
1413 2211 1551 2265 πολὺ
1601 2212 1800 2283 χείρων
1857 2214 1977 2267 ἐστὶ

392 2293 504 2344 τῶν
536 2296 869 2364 εἰρημένων.

462 2393 538 2451 ς’.
592 2389 754 2442 Ἀλλά
801 2394 1176 2463 σκοπήσωμεν
1206 2394 1327 2457 πῶς
1373 2395 1466 2449 τοῦ
1507 2395 1766 2466 δαίμονος
1809 2398 1976 2453 αὑτὸν

388 2479 805 2552 ἀπαλλάξομεν.
849 2487 973 2549 Πῶς
1000 2483 1096 2540 οὖν
1135 2488 1563 2558 άπαλλάξομενς
1591 2494 1641 2544 εί
1687 2492 1850 2562 μάθοι
1882 2510 1977 2548 σα-

390 2573 532 2640 φῶς,
574 2573 657 2627 ὃτι
691 2577 722 2645 ἡ
753 2575 1093 2649 φιλαργυρία
1144 2580 1285 2646 πρὸς
1332 2582 1467 2634 αὐτὸ
1498 2582 1676 2645 τοῦτο,
1741 2583 1975 2652 μάλιστα

391 2663 546 2734 αὐτῷ
595 2666 940 2722 ἐναντιοῦται
987 2670 1124 2740 πρὸς
1167 2671 1229 2724 τὸ
1277 2672 1525 2741 πορίζειν
1572 2677 1877 2744 χρήματα·
1925 2677 1977 2728 oi

389 2759 503 2826 γὰρ
532 2758 601 2809 τὰ
635 2760 811 2828 μικρὰ
842 2761 1148 2832 κερδαίνειν
1182 2764 1521 2835 βουλόμενοι,
1560 2768 1808 2836 μεγάλας
1836 2770 1974 2821 ὑποέ

391 2849 620 2917 μένουσι
675 2851 886 2920 ζημίας
920 2868 934 2882 ·
971 2853 1096 2907 ὅθεν
1130 2856 1194 2925 δὴ
1255 2855 1351 2909 καὶ
1385 2861 1661 2927 παροιμία
1713 2862 1792 2923 εἰς
1841 2860 1977 2915 αὐτὸ

386 2937 549 2990 τοῦτο
592 2939 943 3010 ἐξενήνεκται
970 2958 984 2973 ο
1027 2944 1219 2997 πολλοὶ
1271 2944 1406 3012 γοῦν
1435 2947 1701 3011 πολλάκις
1752 2950 1845 3000 ἐπὶ
1881 2967 1974 3018 με·

389 3030 579 3097 γάλοις
628 3032 873 3086 δανεῖσαι
930 3034 1252 3105 βουλόμενοι
1291 3039 1498 3103 τόκοις,
1551 3043 1618 3109 τῇ
1674 3041 1975 3113 προσδοκίᾳ

386 3117 486 3171 τοῦ
537 3120 787 3188 κέρδους,
840 3123 942 3175 οὐκ
987 3123 1347 3187 ἐξετάσαντες
1391 3128 1520 3190 τοὺς
1567 3128 1969 3197 λαμϐάνοντας,

394 3211 535 3280 μετὰ
566 3214 662 3266 τοῦ
694 3215 855 3266 τόκου
887 3217 979 3268 καὶ
1005 3217 1099 3269 τοῦ
1127 3219 1429 3285 κεφαλαίου
1454 3222 1656 3283 παντὸς
1683 3220 1939 3284 ἐξέπεσον
1958 3240 1971 3253 ·
2001 3256 2046 3313 C

388 3304 555 3356 πάλιν
605 3306 684 3367 είς
741 3306 1023 3369 κινδύνους
1068 3311 1470 3378 περιπεσόντες
1507 3310 1708 3381 ἕτεροι,
1760 3316 1854 3364 καὶ
1895 3314 1973 3385 μὴ

391 3393 754 3463 βουληθέντες
803 3399 962 3464 ὀλίγα
1012 3401 1306 3468 προέσθαι,
1342 3403 1437 3456 καὶ
1484 3403 1581 3473 τὴν
1608 3404 1790 3474 ψυχὴν
1834 3406 1974 3473 μετὰ

387 3487 489 3554 τῆς
519 3488 710 3550 οὐσίας
734 3490 1031 3544 ἀπώλεσαν
1050 3508 1064 3521 ⁸
1091 3495 1183 3545 καὶ
1210 3496 1385 3565 παρὸν
1409 3497 1599 3560 πάλιν,
1625 3496 1658 3568 ἢ
1684 3498 1974 3567 ἀξιώματα

389 3579 683 3648 κερδαλέα,
719 3582 751 3651 ἢ
802 3583 933 3638 ἄλλο
965 3601 1019 3638 τι
1047 3586 1292 3641 τοιοῦτον
1333 3586 1676 3658 ὠνήσασθαι,
1718 3593 1975 3660 μικρολο-

391 3672 729 3742 γησάμενοι,
777 3675 839 3727 τὸ
895 3679 1006 3730 πᾶν
1055 3676 1371 3732 ἀπώλεσαν.
1441 3681 1662 3750 Ἐπειδὴ
1716 3682 1826 3751 γάρ
1872 3683 1973 3734 οὐκ

391 3765 542 3817 ίσασι
571 3769 838 3837 σπείρειν,
875 3770 991 3822 ἀλλ’
1020 3771 1105 3823 ἀεὶ
1135 3771 1376 3840 θερίζειν
1408 3775 1845 3844 μεμελετήκασί,
1876 3778 1973 3827 καὶ

392 3856 492 3909 τοῦ
524 3858 740 3930 ἀμητοῦ
794 3862 1035 3932 συνεχῶς
1078 3865 1478 3918 ἐκπίπτουσιν*
1523 3867 1701 3930 οὐδεὶς
1727 3866 1835 3936 γὰρ
1883 3868 1972 3920 ἀεὶ

393 3948 638 4018 θερίζειν
667 3951 915 4017 δύναται,
946 3952 1138 4024 ὥσπερ
1164 3955 1287 4009 οὐδέ
1319 3958 1406 4009 ἀεὶ
1436 3957 1764 4027 κερδαίνειν.
1817 3959 1973 4012 Ἐπεὶ

390 4040 488 4093 οὖν
521 4042 583 4095 οὐ
618 4041 904 4111 βούλονται
936 4046 1206 4118 δαπανᾷν.
1239 4048 1360 4102 οὐδὲ
1406 4051 1717 4119 κερδαίνειν
1755 4052 1970 4107 ἴσασιν*

338 4137 343 4141 ’
391 4132 530 4185 ἀλλά
567 4135 670 4187 κᾶν
700 4137 939 4202 γυναῖκα
967 4135 1065 4206 δέῃ
1097 4136 1306 4200 λαϐεῖν,
1346 4141 1512 4193 πάλιν
1548 4142 1608 4194 τὸ
1634 4143 1768 4196 αὐτὸ
1809 4143 1973 4198 τοῦτο

391 4227 766 4280 ὑπουένουσιν
918 4228 1030 4299 γὰρ
1077 4229 1547 4302 ἐξηπατήθησαν,
1603 4234 1810 4306 ἄπορον
1856 4238 1971 4291 ἀντ’

389 4318 629 4385 εὐπόρου
687 4319 969 4383 λαϐόντες,
1007 4321 1039 4392 ἢ
1084 4324 1182 4375 καὶ
1233 4325 1504 4377 πλουσίαν
1560 4325 1971 4397 εἰσαγαγόντες,

396 4412 493 4465 καὶ
527 4409 743 4481 μυρίων
771 4415 1054 4483 γέμουσαν
1082 4397 1508 4486 ἐλαττωμάτων,
1543 4418 1769 4473 πλείονα
1805 4422 1973 4476 πάλιν

392 4503 493 4573 τὴν
524 4504 731 4575 ζημίαν
778 4507 1085 4576 ὑπέμειναν
1110 4525 1125 4539 ·
1159 4510 1219 4561 οὐ
1272 4509 1384 4581 γὰρ
1417 4511 1449 4580 ή
1487 4513 1800 4582 περιουσία,
1854 4512 1973 4568 ἀλλ’

2073 659 2198 713 gum
2233 644 2506 709 timorem,
2534 648 2700 702 verbo
2727 654 2961 714 tantum,
2982 657 3039 703 et
3071 647 3291 702 videbis.
3326 662 3449 701 eum
3480 662 3665 701 ensem

2072 738 2455 806 cvaginantem
2489 747 2546 795 et
2592 756 2781 796 omnes
2828 742 3169 797 occidentem
3221 749 3275 796 et
3305 740 3509 797 nemini
3545 757 3677 812 ρον--

2073 836 2309 895 centeni,
2344 844 2453 884 non
2501 832 2702 897 amico,
2728 848 2835 888 non
2887 843 3283 906 cognatoynon
3347 834 3526 900 fratri,
3558 849 3666 889 non

2074 935 2177 975 suo
2225 921 2485 990 genitori;
2539 924 2635 979 sed
2685 941 2791 980 non
2834 940 2974 996 opus
3011 934 3096 981 est
3129 942 3466 997 supponere;
3513 925 3665 981 dica-

2075 1027 2196 1067 mus
2240 1027 2369 1069 vero
2397 1014 2443 1068 si
2493 1030 2599 1069 non
2660 1016 2792 1071 tales
2840 1018 2979 1087 apud
3022 1033 3081 1074 se
3140 1019 3303 1091 ﬁngat
3361 1019 3668 1085 imagines,

2075 1119 2322 1174 semper.
2365 1115 2419 1160 et
2489 1122 2681 1163 omnes
2742 1108 2958 1165 invadat
3012 1111 3303 1167 destruens
3376 1112 3668 1165 ratiocinio

2074 1208 2129 1254 et
2174 1202 2383 1255 amicos
2435 1209 2487 1254 et
2536 1210 2798 1271 cognatos
2859 1211 2915 1257 et
2948 1204 3095 1272 ipsos
3126 1206 3428 1273 genitores.
3484 1203 3672 1258 Potius

2075 1276 2255 1347 autem
2286 1309 2397 1349 non
2450 1295 2881 1366 interrogatione
2912 1311 3049 1364 opus
3073 1309 3156 1353 est
3197 1315 3212 1352 :
3268 1311 3461 1352 omnes
3521 1297 3668 1350 enim

2074 1388 2276 1451 sciunt,
2326 1388 2598 1457 quomodo
2640 1390 2836 1444 morbo
2892 1391 2999 1445 isto
3063 1390 3207 1459 capti
3242 1399 3291 1444 et
3325 1398 3669 1443 senectutem

2073 1489 2302 1550 gravant
2328 1465 2519 1550 pairis,
2545 1488 2599 1535 et
2636 1480 2780 1550 quod
2821 1481 3035 1537 cmteris
3071 1490 3178 1537 tam
3229 1480 3391 1534 dulce
3440 1487 3496 1533 ct
3519 1494 3673 1531 ama-

2076 1573 2184 1627 bile
2202 1583 2309 1634 est,
2328 1588 2491 1642 grave
2520 1582 2576 1627 et
2606 1573 2947 1630 intolerabile
2971 1589 3095 1629 esse
3117 1582 3309 1643 putant
3338 1588 3537 1642 pueros
3574 1573 3672 1624 ha-

2077 1664 2227 1721 berc.
2262 1665 2414 1721 Multi
2444 1666 2668 1722 enimet
2710 1667 3051 1721 sterilitatem
3101 1675 3322 1736 proutcr
3369 1666 3474 1720 hoc
3527 1680 3676 1718 ciue-

2077 1768 2229 1822 runt,
2255 1767 2308 1812 et
2343 1769 2596 1813 naturam
2650 1759 2956 1828 privarunt,
2994 1774 3104 1813 non
3162 1760 3507 1813 destruentes
3549 1772 3675 1824 par-

2083 1859 2169 1906 tos
2190 1851 2444 1910 inlantcs.
2464 1851 2560 1906 sed
2593 1866 2768 1921 neque
2812 1852 3114 1922 producere
3175 1853 3499 1921 principium
3535 1866 3673 1905 COII-

2082 1943 2357 1998 cedentes.
2387 1940 2465 1997 Ne
2501 1958 2631 2013 ergo
2681 1943 2953 1997 miremini
2997 1944 3040 1998 si
3095 1958 3315 1997 avarum
3357 1943 3429 1997 ita
3466 1943 3675 1997 descri-

2082 2039 2344 2106 pserimus
2374 2037 2580 2094 :niulto
2614 2036 2757 2091 enim
2795 2037 2948 2107 pejor
3002 2045 3088 2092 est
3139 2036 3318 2092 dictis.

2150 2382 2210 2440 6.
2238 2381 2345 2439 Sed
2378 2381 2661 2438 videamus
2678 2384 2952 2453 quomodo
2983 2397 3106 2437 eum
3140 2396 3169 2435 a
3199 2383 3444 2438 daemone
3473 2384 3672 2439 libere-

2081 2492 2220 2531 mns.
2248 2475 2537 2543 Quomodo
2587 2490 2718 2545 ergo
2754 2476 3158 2530 liberabimus?
3209 2474 3265 2530 Si
3301 2476 3471 2530 discat
3502 2476 3674 2543 clare,

2079 2570 2364 2625 avaritiam
2425 2576 2627 2639 praeter
2690 2568 2795 2623 hoc
2840 2569 3142 2637 praesertim
3191 2569 3290 2637 ipsi
3359 2571 3677 2623 adversatur

2080 2662 2147 2716 ad
2166 2663 2497 2731 acquirenda
2537 2660 2701 2715 bona.
2730 2658 2834 2725 Qui
2895 2660 3039 2713 enim
3091 2675 3254 2727 parva
3306 2660 3455 2713 lucra
3498 2661 3678 2715 facere

2081 2754 2295 2819 volunt,
2334 2768 2529 2822 magna
2556 2751 3032 2807 subeuntdamna.
3078 2750 3231 2806 Unde
3266 2751 3433 2821 igitur
3466 2753 3675 2807 initium

2076 2846 2144 2899 ad
2189 2848 2291 2901 hoc
2319 2845 2516 2900 accidit
2557 2840 2835 2914 (eruitur).
2867 2842 3018 2896 Multi
3072 2844 3216 2896 enini
3271 2858 3433 2911 smpc,
3463 2844 3678 2913 magnis

2078 2939 2318 2995 volentes
2355 2953 2601 2993 mutuum
2658 2939 2788 2993 dare
2822 2938 3027 3002 usuris,
3067 2941 3476 3007 exspectatione
3536 2940 3676 2996 lucri

2079 3049 2184 3087 ιιοη
2241 3033 2536 3104 probantis
2602 3047 2699 3088 eos
2748 3033 2841 3103 qui
2902 3042 3257 3096 mutuantur,
3333 3047 3455 3086 cum
3510 3048 3674 3087 usura

2077 3137 2130 3182 et
2182 3142 2452 3181 summam
2523 3134 2691 3179 totam
2743 3127 3026 3179 amittunt.
3066 3125 3275 3178 Rursus
3337 3126 3389 3177 in
3433 3126 3679 3194 peric-ilo

2078 3220 2337 3275 cadentes
2385 3218 2475 3271 alii
2521 3228 2576 3272 et.
2624 3218 2872 3273 nolentes
2905 3233 3076 3287 pauca
3136 3229 3392 3285 appetere
3434 3221 3675 3272 animam

2080 3328 2208 3367 cum
2241 3312 2396 3367 bonis
2424 3310 2761 3375 amiserunt;
2785 3319 2837 3362 et
2874 3323 3067 3363 rursus
3106 3310 3260 3363 adest
3293 3321 3348 3362 ut
3377 3310 3676 3379 dignitates

2079 3405 2291 3460 lucrum
2338 3405 2601 3459 habentes
2631 3413 2719 3457 aut
2756 3403 2901 3456 aliud
2937 3403 3212 3473 quoddam
3266 3404 3449 3458 simile
3490 3419 3679 3459 eun-re

2081 3498 2569 3567 parvipendcntes,
2623 3496 2806 3550 omnia
2886 3495 3263 3566 perdiderunt.
3323 3495 3459 3550 Cum
3528 3496 3675 3551 enim

2081 3594 2331 3647 nesciant
2400 3591 2695 3654 seminare,
2772 3590 2866 3643 sed
2934 3604 3150 3658 semper
3207 3597 3411 3643 metere
3463 3603 3679 3651 curent,

2080 3697 2312 3737 amesse
2343 3681 2602 3736 continuo
2658 3680 2940 3748 privantur
2980 3696 2995 3733 :
3059 3694 3221 3733 nemo
3273 3679 3417 3732 enim
3467 3696 3682 3746 ενιιιιιιει·

2081 3785 2286 3829 metere
2341 3783 2538 3842 potest.
2569 3771 2845 3842 quiomodo
2875 3783 3056 3837 neque
3088 3784 3302 3837 semper
3335 3770 3676 3825 Iurrilacere.

2078 3865 2214 3921 Cum
2283 3865 2428 3918 enim
2496 3864 2671 3917 nolint
2737 3862 3068 3930 expendere,
3129 3875 3304 3930 neque
3361 3862 3682 3917 lucrifacere

2079 3959 2281 4014 sciunt.
2310 3955 2414 4011 Sed
2443 3954 2659 4024 quando
2692 3967 2913 4007 uxmetn
2942 3952 3146 4007 ducere
3175 3957 3450 4017 Operti-at,
3489 3968 3682 4006 rursus

2080 4053 2225 4107 idem
2266 4047 2795 4105 subeunth-lenim
2826 4043 3037 4111 decepti
3076 4052 3222 4105 sunt,
3249 4058 3544 4112 pauperem
3581 4060 3680 4111 pro

2081 4145 2249 4201 divite
2286 4142 2640 4211 accipientes,
2677 4138 2759 4192 vel
2791 4144 2844 4190 et
2879 4137 3096 4189 divitias
3129 4135 3449 4189 inducentes
3482 4147 3539 4190 et
3585 4137 3681 4191 de—

2080 4253 2200 4295 cem
2228 4236 2464 4290 millibus
2500 4235 2729 4288 rcl'ertas
2772 4232 2938 4298 vitiis,
2974 4230 3231 4298 majorem
3267 4247 3459 4287 rursus
3500 4230 3682 4301 pcrui‘

2081 4330 2222 4384 ciem
2283 4329 2524 4382 subiere.
2578 4325 2695 4379 Non
2757 4324 2901 4378 enim
2953 4323 3302 4385 abundantia,
3353 4323 3446 4376 sed
3506 4324 3682 4375 virtus

2082 4421 2299 4478 divitias
2320 4430 2600 4490 operatur.
2627 4417 2768 4483 Quid
2805 4415 2949 4470 enim
2975 4424 3199 4484 prosunt
3220 4414 3427 4469 divitiae
3448 4415 3673 4483 quando

2083 4513 2309 4585 prodiga
2330 4520 2413 4565 est
2435 4520 2489 4564 et
2525 4523 2751 4574 vesana,
2779 4517 2835 4562 et
2853 4508 3037 4562 omnia
3069 4516 3232 4561 vento
3262 4506 3506 4561 velocius
3541 4505 3674 4560 elic-

392 4598 427 4658 ἡ
453 4598 624 4667 ἀρετὴ
653 4598 746 4651 τὸν
779 4599 1010 4652 πλοῦτον
1052 4601 1374 4668 ἐργάζεται.
1419 4603 1485 4656 Τί
1518 4606 1628 4675 γὰρ
1656 4603 1852 4674 ὄφελος
1879 4607 1975 4660 τοῦ

2084 4612 2214 4659 rat:
2252 4603 2380 4673 quid
2428 4617 2558 4671 ergo
2607 4603 2651 4656 si
2693 4599 2980 4655 libidinosa
3038 4609 3095 4654 et
3154 4597 3482 4653 lnnumeros
3531 4615 3682 4650 ama-

394 4689 657 4755 πλούτου,
703 4691 830 4743 ὅταν
858 4690 1150 4764 δαπανηρὰ
1268 4695 1367 4747 καὶ
1394 4695 1625 4758 ἄσωτος,
1673 4699 1770 4749 καὶ
1801 4699 1979 4752 πάντα

392 4783 601 4851 ἀνέμου
633 4784 997 4855 σφοδρότερον
1020 4787 1231 4857 ἐκφορῇ
1261 4802 1275 4818 ο
1306 4788 1360 4840 τί
1389 4788 1470 4854 δέ,
1498 4789 1566 4842 ἂν
1582 4786 1851 4860 ἣσελγὴς,
1884 4793 1981 4844 καὶ

394 4876 626 4944 μυρίους
656 4879 897 4946 ἐραστὰς
929 4879 1229 4948 ἐφέλκηται
1256 4898 1271 4946 ;
1306 4880 1358 4932 τί
1390 4881 1468 4945 δέ,
1502 4883 1570 4936 ἂν
1605 4884 1883 4952 μέθυσοςς
1916 4884 1975 4936 οὐ

393 4971 618 5022 πάντων
675 4969 1006 5041 πενέστερον
1049 4973 1260 5040 ταχέως
1290 4972 1383 5026 τὸν
1416 4973 1599 5045 ἄνδρα
1642 4975 1975 5045 ἐργάσεται;

394 5063 472 5115 (id
506 5062 748 5132 γαμοῦσι
779 5047 835 5117 δέ
869 5065 1054 5133 μόνον,
1082 5065 1218 5118 ἀλλὰ
1242 5066 1336 5119 καὶ
1362 5065 1629 5119 ὠνοῦνται
1657 5068 1978 5136 ἐπισφαλῶς

396 5155 507 5208 ὑπὸ
539 5156 638 5220 τῆς
669 5156 970 5225 ἐπιθυμίας
997 5159 1098 5225 τῆς
1132 5158 1361 5225 πολλῆς,
1388 5160 1451 5210 οὐ
1481 5160 1551 5211 τὰ
1576 5160 1842 5213 σπουδαῖα
1869 5160 1979 5214 τῶν

395 5250 772 5318 ἀνδραπόδων,
801 5252 935 5303 ἀλλὰ
963 5251 1032 5304 τὰ
1062 5251 1243 5304 εὕωνα
1266 5253 1788 5322 περιεργαζόμενοι.
1811 5251 1982 5306 Ταῦτ’

396 5338 491 5393 οὖν
526 5338 745 5394 ἅπαντα
774 5342 1241 5411 ἀναλογισάμενοι
1267 5344 1318 5394 οἱ
1347 5341 1701 5413 φιλάργυροι,
1730 5342 1840 5395 τῶν
1868 5347 1980 5412 γὰρ

397 5434 532 5504 περ)⁵
572 5433 673 5504 τῆς
703 5436 933 5504 γεέννης
970 5436 1068 5488 καὶ
1098 5439 1199 5504 τῆς
1229 5435 1512 5504 βασιλείας
1560 5437 1737 5501 λόγων
1767 5437 1981 5489 οὐδέπω

398 5525 626 5579 ἀκούειν
660 5527 942 5590 δύνανται,
974 5529 1068 5580 καὶ
1115 5528 1216 5591 τὰς
1247 5527 1454 5597 ζημίας
1500 5530 1878 5598 ἐννοήσαντες,
1914 5529 1981 5592 ἃς

400 5622 709 5688 ὑπέμειναν
741 5621 1007 5684 πολλάκις
1038 5621 1147 5673 ἀπὸ
1186 5621 1286 5690 τῆς
1319 5620 1763 5691 φιλοχρηματίας
1796 5623 1892 5675 καὶ
1921 5625 1980 5674 ἐν

308 5739 332 5758 ο
398 5712 727 5780 δανείσμασι
759 5714 855 5765 καὶ
883 5713 941 5766 ἐν
974 5712 1161 5776 ὠνίοις
1192 5713 1289 5766 καὶ
1317 5713 1376 5765 ἐν
1406 5711 1609 5783 γάμοις
1639 5712 1732 5765 καὶ
1759 5715 1816 5765 ἐν
1844 5730 1981 5783 προ-

403 5803 658 5864 οτασὲαις
685 5805 778 5854 καὶ
804 5804 861 5853 ἐν
877 5802 989 5866 τοῖς
1007 5801 1187 5865 ἄλλοις
1214 5801 1440 5868 ἅπασιν,
1459 5801 1857 5871 ἀποττήτωςαν
1881 5801 1976 5855 τοῦ

2092 4699 2204 4752 sios
2273 4694 2562 4751 attrahat?
2611 4694 2752 4761 Quid
2814 4704 3000 4746 autem
3060 4690 3105 4745 si
3145 4690 3454 4745 vinulenta?
3500 4705 3683 4745 nonne

2089 4789 2331 4843 omnium
2363 4789 2736 4858 pauperiorem
2768 4784 2918 4839 brevi
2948 4784 3138 4838 reddet
3167 4783 3342 4836 virum
3367 4782 3390 4836 ‘2
3412 4797 3519 4835 non
3547 4798 3684 4835 uxoc

2091 4895 2204 4935 tem
2237 4890 2446 4934 tantqu
2492 4882 2720 4943 ducunt,
2746 4878 2839 4933 sed
2866 4885 3126 4931 etemnnt
3156 4872 3459 4945 periculose
3473 4873 3683 4940 cupidi-

2090 4974 2215 5027 tatis
2281 4987 2483 5038 causa;
2519 4986 2627 5024 non
2702 4985 2984 5024 servorum
3051 4967 3323 5022 stndiosas
3360 4980 3520 5019 curas
3586 4968 3681 5020 sed

2087 5083 2208 5136 qua:
2256 5065 2404 5134 parvi
2443 5072 2697 5116 constent
2743 5061 3061 5129 exquirunt.
3114 5058 3240 5114 Haec
3298 5059 3461 5128 igitur
3500 5060 3681 5113 omnia

2085 5157 2470 5210 ratiocinantes
2503 5154 2674 5212 avari.
2694 5152 2759 5205 de
2785 5151 2869 5206 his
2901 5152 3043 5206 enim
3073 5167 3193 5220 quae
3210 5150 3274 5204 ad
3294 5151 3598 5221 gehennam
3625 5162 3682 5206 ct

2087 5267 2310 5317 regnum
2362 5254 2619 5317 Spectant
2667 5246 2856 5301 audire
2910 5246 3150 5300 nondum
3200 5257 3469 5315 possunt,
3512 5258 3565 5299 et
3609 5247 3677 5299 de

2087 5343 2302 5398 damnis
2346 5343 2674 5396 meditantes
2708 5354 2828 5407 (μιαί
2872 5337 3159 5391 subierunt
3194 5352 3335 5406 sape
3365 5337 3679 5407 cupiditatis

2090 5449 2254 5488 causa
2276 5476 2288 5495 ,
2329 5445 2379 5487 et
2410 5424 2611 5485 mutuis
2636 5429 2796 5491 datis,
2828 5438 2881 5484 et
2921 5429 3286 5498 emptionibus
3313 5440 3367 5482 ct
3396 5429 3679 5483 matrimo-

2092 5528 2196 5583 niis
2249 5537 2304 5581 ιιι
2343 5524 2654 5578 numeribns
2699 5534 2755 5577 et
2811 5524 2864 5577 in
2921 5523 3132 5576 cmteris
3195 5522 3469 5585 omnibus,
3501 5523 3679 5578 disce-

2086 5621 2221 5675 dunt
2284 5620 2350 5672 ab
2397 5632 2583 5671 amore
2634 5616 2925 5670 bonorum.
2984 5614 3072 5668 Sic
3127 5615 3272 5669 enim
3311 5626 3565 5685 poterunt
3621 5622 3678 5671 ct

2090 5718 2415 5779 pra'sentcm
2464 5706 2629 5762 vitam
2686 5706 2740 5759 in
2777 5720 2913 5774 pace
2955 5719 3138 5774 agere,
3166 5715 3223 5759 et
3251 5706 3399 5774 parvi
3442 5707 3678 5774 penden-

2089 5816 2167 5858 tis
2217 5802 2383 5858 etiam
2414 5800 2481 5857 de
2519 5798 2859 5870 philosophia
2884 5797 3077 5854 audire
3107 5797 3289 5865 verba,
3323 5806 3378 5854 ct
3400 5798 3674 5867 aspicien-
