4074 6490
509 381 616 449 92}

1647 376 2050 438 TIIEODORI
2092 377 2147 436 Μ
2163 372 2649 434 SiLITENlOTzE

3684 366 3787 429 Qﬂi

509 497 743 567 agitare.
778 492 932 550 Unde
961 491 1209 563 putavit?
1254 490 1395 546 mala
1444 491 1617 545 bestia
1665 501 1784 556 est;
1820 505 2097 557 nunquam

2207 487 2368 538 ναῖκα
2394 499 2409 517 ο
2439 484 2566 539 ὅθεν
2593 502 2687 554 μοι
2721 483 2813 536 καὶ
2850 481 3132 552 θαυμάσαι
3168 473 3372 548 ἔπεισι,
3402 478 3570 535 πόθεν
3595 480 3787 547 ἐπῆλθε

510 589 726 658 ignorat
758 606 773 643 :
809 587 949 657 quod
974 602 1165 656 magna
1202 572 1263 640 lit
1290 584 1449 640 nobis
1501 584 1803 646 damnatio,
1834 597 1956 636 cum
2018 580 2108 634 ille

509 680 727 751 quidem
754 694 1026 750 nunquam
1052 680 1328 749 desperet,
1354 691 1454 731 nos
1495 686 1675 730 autem
1739 682 1941 729 nostra:
1968 672 2105 727 obli-

511 777 786 830 viscamur
829 775 1048 831 salutis.

792 1008 827 1029 1⁵

581 1178 635 1233 5.
675 1176 965 1247 Nunquam
1002 1176 1301 1246 desperans
1320 1173 1586 1237 diabolus,
1620 1175 1715 1227 sed
1748 1173 1946 1243 ubique
1967 1174 2103 1228 retia

506 1280 561 1322 et
618 1269 892 1339 decipulas
947 1268 1102 1322 nobis
1154 1270 1403 1332 tendens,
1459 1281 1584 1319 cum
1640 1265 1740 1320 hoc
1792 1265 1953 1318 modo
2012 1281 2106 1316 ne-

505 1368 673 1426 qneat
706 1360 878 1422 vinci,
908 1359 1247 1412 contrariam
1279 1359 1424 1412 viam
1456 1355 1784 1426 ingrediens,
1814 1365 2102 1424 postquam

505 1450 701 1506 Jobnm
766 1452 961 1506 viderit
1020 1465 1362 1519 nequaquam
1419 1449 1631 1503 divitiis
1670 1451 1942 1509 _victum,
2012 1461 2106 1513 pur

509 1542 745 1610 inopiam
764 1541 1047 1608 explicavit
1072 1543 1227 1604 retia,
1252 1541 1375 1595 inde
1395 1541 1545 1594 ἰΙΙιιιιι
1572 1554 1833 1609 superare
1853 1553 2107 1607 sperans.

509 1634 632 1700 Quo
664 1636 790 1704 quid
826 1635 924 1689 ﬁat
954 1633 1328 1689 incredibilius
1349 1633 1373 1686 ?
1393 1633 1492 1699 Qui
1518 1633 1664 1687 enim
1690 1630 2104 1701 potuitzdivitias

513 1728 654 1780 ferre
677 1730 973 1795 sapienter,
1001 1727 1171 1780 multo
1189 1726 1507 1794 generosius
1534 1733 1910 1793 paupertatem
1932 1722 2102 1787 feret;

507 1827 561 1873 et
589 1820 681 1889 qui
730 1822 1092 1886 prmsentibus
1151 1820 1306 1875 bonis
1361 1835 1467 1872 non
1525 1818 1742 1871 lartatus
1788 1824 1889 1879 est,
1929 1830 2104 1883 neque

2209 576 2289 645 τῷ
2343 576 2599 647 διαϐόλῳ,
2653 575 2846 629 τούτου
2899 574 2969 628 τά
3001 575 3286 642 γυμνάσια
3346 572 3513 626 εἰδότι
3572 572 3789 640 κινῆσαι

2210 668 2351 737 πρὸς
2385 669 2513 731 τοὺς
2536 667 2787 735 ἀγῶνας.
2817 666 2988 720 Πόθεν
3021 663 3114 720 οὖν
3136 665 3338 735 ἐπῆλθε
3364 683 3380 730 ;
3414 664 3652 733 πονηρόν
3678 666 3790 715 ἐστι

2207 761 2267 812 τὸ
2308 760 2500 831 θηρίον
2522 778 2536 793 ·
2569 760 2831 813 οὐδέποτε
2859 759 3237 826 ἀπογινώσκει
3259 775 3273 788 ·
3302 757 3331 810 δ
3364 757 3629 827 μέγιστον
3665 756 3792 824 ἡμῖν

2208 855 2538 925 κατάκριμα
2573 854 2808 922 γίνεται,
2837 854 2920 906 ὅτι
2963 855 3170 912 ἐκεῖνος
3213 851 3313 920 μὲν
3341 850 3598 901 οὐδέποτε
3628 846 3793 900 ἀπελ-

2207 946 2356 1009 πίζει
2413 947 2515 1014 τῆς
2561 947 2842 1009 ἀπωλείας
2893 945 3074 1015 ἡμῶν,
3116 945 3279 1014 ἡμεῖς
3328 942 3385 996 δὲ
3438 942 3537 1013 τὴν
3586 941 3792 993 ἑαυτῶν

2204 1037 2673 1106 ἀπογινώσκομεν
2703 1038 3001 1107 σωτηρίαν.

2275 1180 2338 1230 ε’.
2368 1173 2664 1243 Μηδέποτε
2692 1174 2748 1227 δὲ
2777 1173 3098 1236 ἀπελπίζων
3131 1175 3159 1227 ό
3190 1172 3461 1238 διάϐολος,
3493 1173 3630 1228 ἀλλά
3658 1174 3794 1227 πάν-

2204 1283 2329 1318 τοτε
2390 1267 2626 1335 παγίδας
2658 1266 2754 1319 καὶ
2790 1265 3045 1338 Θήρατρα
3094 1266 3218 1319 καθ’
3253 1267 3416 1337 ἡμῶν
3461 1266 3651 1330 τιθεὶς,
3689 1269 3793 1320 κᾶν

2209 1355 2284 1425 μὴ
2325 1355 2532 1426 δυνηθῇ
2558 1355 2649 1408 διὰ
2689 1353 2844 1408 τοῦδε
2872 1356 2968 1408 τοῦ
2995 1357 3199 1427 τρόπου
3228 1357 3474 1425 νικῆσαι,
3506 1359 3603 1426 τὴν
3636 1358 3790 1410 ἐναν-

2205 1446 2326 1498 τίαν
2367 1446 2486 1499 ὁδὸν
2525 1447 2845 1517 ἐρχόμενος,
2878 1449 3112 1518 ἐπείπερ
3136 1444 3245 1501 εἶδε
3283 1451 3376 1501 τὸν
3414 1447 3534 1501 Ἰὼϐ
3564 1449 3791 1511 οὐδόλως
3830 1454 3836 1460 “

2206 1536 2313 1589 ὑπὸ
2352 1537 2446 1590 τοῦ
2485 1538 2726 1592 πλούτου
2763 1539 3083 1608 νικηθέντα,
3128 1540 3218 1593 διὰ
3244 1542 3345 1610 τῆς
3377 1540 3569 1603 πενίας
3599 1540 3789 1602 ἔπλεξε

2206 1630 2273 1683 τὰ
2305 1631 2538 1697 δύκτυα,
2571 1631 2787 1685 ἐκεῖθεν
2814 1633 2981 1686 αὐτοῦ
3015 1634 3403 1704 περιγενέσθαι
3431 1634 3747 1704 προσδοκῶν
3769 1649 3787 1666 ο

2204 1722 2263 1776 οὗ
2292 1723 2348 1777 τί
2370 1724 2573 1793 γένοιτ’
2606 1725 2672 1778 ἂν
2704 1726 3065 1797 ἀνοητότερον
3090 1743 3104 1791 ;
3152 1724 3209 1778 '0
3239 1726 3349 1796 γὰρ
3373 1727 3603 1780 πλοῦτον
3632 1727 3789 1792 δυνη-

2207 1814 2323 1878 θεὶς
2354 1818 2604 1885 ἐνεγκεῖν
2637 1819 2955 1886 σωφρόνως,
2991 1816 3177 1888 πολλῷ
3207 1819 3410 1888 μᾶλλον
3438 1818 3632 1871 πενίαν
3658 1820 3768 1871 οἶσε

504 1913 753 1966 absentia
788 1923 1017 1978 quzeret.
1060 1913 1128 1968 Ut
1177 1926 1309 1981 ergo
1360 1928 1463 1965 non
1519 1909 1647 1964 felix
1688 1920 1816 1963 time
1846 1917 1985 1973 erat,
2024 1908 2097 1961 ita

2206 1908 2508 1976 γενναίωςο
2558 1911 2654 1963 καὶ
2688 1913 2717 1963 ὁ
2751 1912 3038 1980 παρόντων
3081 1913 3382 1980 χρημάτων
3417 1912 3515 1963 οὐκ
3565 1911 3788 1978 εὐφραι-

507 2000 685 2068 iuopia
728 2001 991 2054 illustrior
1018 2010 1260 2056 econtra
1298 2003 1410 2056 ﬁet.
1446 2001 1591 2054 Bona
1629 2000 1845 2069 quidem
1879 1999 2096 2052 auferre

504 2094 675 2146 valuit
709 2110 912 2163 pravus
961 2094 1216 2150 diabolus
1262 2095 1372 2158 ille,
1423 2097 1707 2148 caritatem
1757 2104 1936 2147 autem
1968 2108 2094 2160 erga

504 2185 672 2241 Deum
712 2204 818 2241 non
848 2191 1011 2243 modo
1040 2189 1256 2243 auferre
1288 2205 1390 2241 non
1431 2188 1619 2251 valuit,
1655 2191 1748 2242 sed
1777 2198 1829 2240 et
1868 2185 2096 2239 validio-

505 2292 617 2330 rem
654 2278 859 2342 eiii-cit,
904 2287 958 2331 et
1007 2279 1266 2332 omnibus
1304 2279 1542 2346 propriis
1572 2293 1696 2331 eum
1732 2277 1943 2330 nudans
1978 2275 2094 2344 plu-

505 2373 655 2425 rihns
689 2387 811 2425 eum
845 2371 1001 2426 bonis
1033 2372 1308 2425 luxuriare
1343 2370 1490 2424 fecit.
1527 2371 1657 2423 Ideo
1688 2379 1743 2423 et
1765 2370 1884 2424 sine
1907 2368 2097 2423 mediis

503 2470 622 2516 erat
655 2480 685 2519 :-
709 2478 819 2532 quo
865 2464 1018 2531 plura
1054 2465 1198 2517 enim
1243 2462 1504 2517 afferebat
1536 2462 1780 2527 vulnera,
1808 2477 1871 2515 eo
1904 2459 2097 2514 fortio-

503 2572 618 2611 rem
650 2557 853 2609 l'aetum
878 2573 998 2609 eum
1025 2557 1246 2611 videbat
1273 2566 1638 2625 :qnapropter
1660 2566 1852 2608 cuncta
1885 2554 2095 2615 adiens,

497 2658 552 2703 et
628 2663 959 2716 pcrsonans,
1027 2664 1151 2702 cum
1223 2648 1358 2702 nihil
1439 2648 1757 2715 proli-cisset
1828 2648 2093 2716 amplius,

496 2745 564 2795 ad
627 2751 810 2797 vetera
871 2741 1099 2797 recurrit
1143 2757 1315 2806 arma,
1377 2741 1656 2795 nmlierem
1714 2757 1728 2793 :
1789 2749 1844 2794 et
1904 2755 2097 2809 perso-

496 2849 622 2889 nam
655 2832 877 2887 indutus
933 2831 1321 2888 sollicitudinis
1374 2831 1530 2884 valde
1584 2831 1977 2885 miserabiliter
1998 2845 2098 2899 per

493 2940 616 2977 eam
669 2925 790 2994 ejus
855 2938 1016 2977 casus
1091 2921 1546 2990 repraesentavit,
1611 2920 2097 2989 liberationemque

497 3019 686 3072 volens
743 3020 1011 3072 malorum
1063 3018 1242 3081 istius,
1279 3017 1509 3071 tentavit
1559 3017 1920 3083 perniciosum
1965 3016 2095 3071 illud

492 3113 785 3167 consilium
814 3112 1065 3179 ingerere
1098 3127 1113 3164 :
1147 3112 1242 3166 sed
1278 3126 1453 3179 neque
1485 3110 1587 3164 hoc
1620 3111 1781 3165 modo
1812 3109 2094 3163 victoriam

494 3204 698 3260 retulit.
756 3203 966 3258 Etenim
1038 3203 1218 3273 ipsius
1272 3203 1473 3256 diaboli
1538 3202 1781 3257 fraudem
1841 3201 2091 3267 cognorit

495 3296 765 3350 mirabilis
794 3306 849 3350 et
883 3311 1110 3364 magnus
1137 3294 1239 3348 Job
1259 3334 1275 3360 ,
1322 3303 1377 3348 et
1431 3294 1600 3347 multo
1631 3310 1753 3348 cum
1785 3308 1947 3346 sensu
1988 3308 2104 3345 mu-

495 3389 647 3444 lieris
710 3405 776 3443 ex
835 3388 927 3441 illo
978 3386 1250 3454 loquentis
1302 3401 1363 3441 os
1413 3386 1883 3454 obturavit:quia
1920 3385 2108 3453 dilige-

496 3481 589 3533 bat
619 3494 738 3533 eam
775 3493 882 3531 non
916 3492 1082 3544 supra
1132 3476 1373 3537 modmn,
1409 3487 1465 3529 ut
1517 3476 1777 3534 diximus.
1829 3477 1923 3528 sed
1958 3477 2098 3529 sicut

492 3575 650 3625 decet
701 3570 979 3623 mulierem
1016 3585 1031 3636 ;
1063 3569 1131 3620 ita
1176 3579 1294 3623 erat
1339 3568 1728 3635 Jubldiligens
1783 3581 1973 3623 euslos
2005 3585 2096 3621 sa-

495 3663 715 3733 pientiae
754 3663 822 3716 ab
862 3661 1038 3725 initio,
1084 3670 1141 3714 ut
1165 3676 1230 3715 ex
1288 3660 1409 3730 ejus
1464 3663 1647 3716 verbis
1717 3670 1773 3714 et
1829 3661 2092 3729 operibus

492 3766 736 3825 apparet.

2204 2003 2455 2071 νόμενος,
2507 2002 2629 2056 οὐδὲ
2675 2003 2888 2057 ἀπόντα
2945 2002 3172 2073 ζητήσει
3209 2001 3417 2055 ταῦτα’
3451 2002 3646 2072 ὥσπερ
3699 1997 3789 2055 οὖν

2202 2094 2331 2146 οὐδὲ
2360 2097 2385 2146 ὁ
2420 2096 2694 2163 μακάριος
2729 2098 2851 2148 τότε
2885 2098 3115 2157 ἐκεῖνος,
3152 2094 3271 2147 ἀλλ’
3299 2095 3410 2148 ἀπὸ
3452 2095 3550 2162 τῆς
3600 2095 3787 2157 πενίας

2204 2186 2592 2257 λαμπρότερος
2626 2189 2838 2255 ἐγίνετο
2889 2189 3076 2240 πάλιν.
3124 2189 3204 2241 Τὰ
3236 2189 3334 2256 μὲν
3376 2188 3484 2258 γὰρ
3529 2189 3789 2257 χρήματα

2207 2281 2432 2352 ἴσχυσεν
2465 2281 2767 2351 ἀφελέσθαι
2801 2283 2828 2334 ό
2886 2282 3125 2350 πονηρὸς
3169 2282 3384 2349 δαίμων
3431 2282 3661 2341 ἐκεῖνος,
3695 2281 3789 2347 τὴν

2203 2375 2261 2428 δὲ
2293 2376 2520 2445 ἀγάπην
2553 2376 2653 2437 τὴν
2690 2376 2828 2445 πρὸς
2857 2381 2949 2427 τὸν
2980 2374 3115 2427 Θεὸν
3149 2375 3209 2425 οὐ
3246 2374 3408 2443 μόνον
3443 2372 3668 2442 ἀφελεῖν
3696 2373 3790 2425 οὐκ

2205 2464 2472 2535 ἠδυνήθη,
2505 2465 2643 2518 ἀλλὰ
2678 2467 2773 2518 καὶ
2806 2466 3190 2535 δυνατωτέραν
3235 2465 3484 2534 ἐπιίησε,
3522 2464 3613 2515 καὶ
3663 2464 3790 2516 παν-

2203 2575 2313 2609 των
2363 2561 2475 2610 τῶν
2534 2559 2897 2628 ὑπαρχόντων
2954 2558 3116 2611 αὐτὸν
3170 2556 3489 2626 γυμνώσας,
3550 2555 3789 2609 πλείοσιν

2205 2650 2436 2717 ἐποίησε
2494 2653 2675 2722 κομᾷν
2711 2652 2960 2719 ἀγαθοῖς.
2989 2650 3080 2702 Διὸ
3122 2652 3218 2704 καὶ
3264 2651 3321 2702 ὲν
3373 2651 3661 2720 ἀμηχανίᾳ
3688 2645 3785 2717 ἦν·

2203 2744 2314 2813 ὅσῳ
2357 2745 2468 2813 γὰρ
2524 2743 2745 2805 πλείους
2774 2744 3033 2814 ἀπήγαγε
3085 2742 3324 2810 πληγὰς,
3372 2740 3614 2810 τοσούτῳ
3674 2742 3789 2793 τότε

2202 2834 2579 2905 δυνατώτερον
2612 2833 2762 2904 ἐώρα
2793 2836 3083 2905 γινόμενον
3108 2851 3124 2868 σ
3167 2834 3250 2887 διὸ
3300 2834 3365 2901 δὴ
3408 2833 3588 2887 πάντα
3632 2834 3789 2887 ἐπελ-

2206 2926 2340 2988 θὼν,
2397 2929 2492 2980 καὶ
2552 2926 3004 2995 διακωδωνήσας,
3056 2925 3133 2989 ὡς
3186 2926 3340 2979 οὐδὲν
3379 2926 3546 2997 ήνυσε
3601 2926 3788 2989 πλέον,

2205 3019 2297 3071 ἐπὶ
2323 3019 2382 3071 τὸ
2414 3020 2645 3072 παλαιὸν
2665 3019 2830 3072 ὅπλον
2858 3019 3060 3087 ἔδραμε
3085 3016 3184 3088 τὴν
3204 3000 3437 3085 γυναῖκα
3463 3037 3479 3050 ·
3508 3019 3599 3069 καὶ
3617 3034 3786 3086 προσ·

2204 3114 2405 3165 ωπεῖον
2456 3112 2659 3175 ὑποδὺς
2717 3111 3051 3182 κηδεμονίας
3108 3110 3247 3178 ἄγαν
3280 3108 3529 3172 ἐλεεινῶς
3572 3111 3791 3183 ἐξετρα-

2205 3202 2419 3273 γῴδησε
2462 3205 2530 3256 δι’
2565 3203 2921 3274 ἐκείνης’τὰς
2944 3202 3107 3256 αὐτοῦ
3141 3204 3450 3273 συμφορὰς,
3485 3202 3580 3255 καὶ
3612 3218 3787 3271 προσ-

2206 3295 2364 3363 εποιή
2377 3312 2505 3347 σατο
2535 3295 2678 3366 ὑπὲρ
2703 3295 3036 3364 ἀπαλλαγῆς
3088 3295 3198 3349 τῶν
3243 3294 3433 3348 τούτου
3462 3296 3671 3356 κακῶν,
3697 3293 3791 3362 τὴν

2205 3385 2464 3455 ὀλεθρίαν
2511 3389 2733 3459 ἐκείνην
2786 3389 3032 3456 εἰσάγειν
3086 3387 3430 3458 συμϐουλήν·
3487 3385 3607 3448 ἀλλ)
3670 3386 3790 3439 οὐδὲ

2203 3477 2379 3541 οὕτως
2433 3480 2736 3549 ἐκράτησε.
2774 3482 2886 3534 Καὶ
2922 3481 3033 3551 γὰρ
3081 3481 3321 3534 συνεῖδεν
3348 3478 3513 3532 αὐτοῦ
3554 3477 3650 3531 τοῦ
3676 3479 3790 3529 δι)-

2203 3569 2362 3621 ϐόλου
2395 3569 2455 3621 τὸ
2505 3571 2702 3640 δέλεαρ
2731 3573 2759 3624 ό
2811 3569 3129 3639 θαυμαστὸς
3160 3570 3253 3623 καὶ
3308 3570 3483 3639 μέγας
3526 3569 3672 3634 Ἰὼϐ,
3697 3570 3790 3622 καὶ

2213 3665 2354 3731 μετὰ
2394 3663 2598 3733 πολλῆς
2637 3665 2736 3732 τῆς
2774 3665 3045 3728 συνέσεως
3076 3663 3176 3734 τὴν
3212 3663 3272 3729 ἐξ
3316 3665 3528 3718 ἐκείνου
3555 3663 3791 3731 φθεγγο-

2202 3757 2379 3821 μένην
2418 3759 2658 3821 γυναῖκα
2688 3756 3085 3827 ἐπεστόμισενο
3137 3757 3438 3827 ἐπειδήπερ
3486 3755 3662 3826 φιλῶν
3692 3755 3787 3807 αύ-

491 3854 592 3924 σὴν
625 3852 725 3921 οὐχ
757 3850 899 3920 ὑπὲρ
931 3851 991 3904 τὸ
1042 3851 1244 3920 μέτρον
1293 3849 1491 3918 ἐφίλει,
1527 3848 1644 3902 ἀλλ’
1684 3849 1759 3913 ὡς
1804 3849 1955 3913 είκδς
1989 3852 2249 3918 γυναῖκα,
2285 3850 2539 3920 καθάπερ
2571 3850 2804 3920 εἴπομεν
2830 3866 2844 3880 ·
2917 3849 3093 3913 οὕτως
3159 3844 3228 3921 ἦν
3294 3852 3323 3903 ό
3366 3849 3488 3903 Ἰὼϐ
3560 3848 3793 3922 ἀκριϐὴς

489 3949 666 4020 φύλαξ
696 3951 800 4021 τῆς
832 3947 1194 4020 σωφροσύνης
1227 3944 1518 4016 ἐξάρχῆς,
1549 3946 1741 4018 ὥσπερ
1792 3946 1857 4001 ἐκ
1889 3965 1949 4000 τε
1976 3946 2085 4001 τῶν
2121 3947 2300 4015 λόγων
2332 3948 2496 4000 αὐτοῦ
2529 3949 2626 4001 καὶ
2654 3948 2765 4002 τῶν
2793 3946 2974 4017 ἔργων
3002 3945 3383 4014 ἀναφαίνεται.

557 4082 614 4136 6.
654 4085 724 4136 At
783 4096 981 4150 corpus
1064 4079 1361 4135 invalidum
1447 4090 1502 4134 et
1584 4081 1868 4137 tabescens
1937 4081 2093 4138 video

487 4176 759 4244 quomodo
809 4175 1035 4228 curabat
1082 4190 1097 4229 :
1136 4189 1257 4229 eum
1311 4174 1457 4227 enim
1511 4174 1628 4239 ipse
1674 4175 1805 4229 nihil
1853 4192 2091 4245 unquam

487 4271 595 4325 tale
621 4268 899 4333 subiisset,
950 4268 1044 4324 sed
1082 4269 1134 4322 in
1164 4268 1371 4322 divitiis
1426 4278 1481 4321 et
1528 4268 1738 4322 deliciis
1774 4279 1830 4322 et
1878 4269 2090 4323 cancris

487 4361 873 4430 splendoribus
930 4361 1304 4415 circnunlatus
1374 4361 1536 4413 vitam
1602 4361 1845 4429 degeret,
1885 4362 2092 4415 alienos

489 4469 657 4507 unum
716 4466 834 4521 post
859 4453 1087 4506 alterum
1112 4469 1268 4505 rasus
1289 4453 1702 4516 somniabal,et
1752 4454 1856 4507 hoe
1909 4465 2098 4508 osten-

489 4545 628 4599 dens
686 4545 898 4597 dicebat
931 4562 944 4597 :
981 4542 1166 4595 Timor
1210 4560 1372 4612 quem
1439 4545 1718 4609 timebam,
1748 4544 1897 4599 venit
1942 4546 2096 4611 mihi,

491 4649 540 4691 et
578 4649 740 4706 quem
777 4638 1086 4689 metuebam
1121 4636 1362 4689 obviavit
1404 4637 1557 4689 mihi.
1616 4635 1681 4689 Et
1708 4649 1943 4693 rursus:
1985 4638 2096 4709 Ego

486 4743 651 4781 omne
675 4728 815 4798 quod
856 4729 969 4781 lieri
1010 4729 1286 4796 nequibat,
1331 4728 1486 4793 ﬂeri;
1525 4729 1764 4798 ingemui
1823 4730 2097 4784 Imminent

492 4822 685 4875 videns
750 4821 803 4874 in
858 4806 1594 4890 angustiis}:Quamobrem,
1645 4823 1788 4874 nulla
1853 4822 2101 4876 inciden-

490 4914 623 4966 tium
703 4926 881 4964 rermn
955 4926 1270 4979 magnarum
1349 4910 1565 4963 illarum
1641 4918 1695 4962 et
1785 4909 2101 4963 intolerabi-

486 5008 618 5060 iztlttt
652 5005 991 5071 turbabantr.
1022 5001 1136 5057 Non
1179 5006 1322 5057 enim
1355 4990 1580 5056 attendo
1649 5004 1912 5056 honorum
1978 5019 2101 5071 per-

485 5099 791 5158 ditionem,
842 5112 943 5150 non
1012 5110 1301 5167 puerorum
1368 5097 1860 5158 substractionem,
1923 5110 2098 5165 neque

499 5193 713 5260 plagam
748 5191 893 5243 illam
931 5189 1315 5260 insanabilem,
1358 5205 1534 5255 neque
1565 5190 1812 5242 mulieris
1840 5189 2088 5252 insidias,

485 5285 578 5336 scd
632 5283 716 5337 his
815 5281 986 5335 multo
1045 5280 1380 5333 molestiora.
1418 5281 1481 5333 Et
1534 5281 1664 5349 quid
1715 5282 1855 5340 istis.
1890 5282 2090 5347 inquis,

487 5377 768 5430 molestius
843 5373 948 5429 Job
1013 5389 1205 5443 paSsus
1264 5372 1386 5427 est?
1446 5373 1526 5425 Ah
1569 5373 1794 5426 historia
1833 5372 1963 5424 nillil
2012 5372 2097 5426 bis

486 5467 716 5534 amplius
766 5466 1094 5533 accepimus.
1148 5465 1323 5529 Quum
1385 5465 1685 5517 dormimus
1738 5464 1874 5517 nihil
1925 5463 2096 5516 disti-

484 5572 623 5608 nus.
672 5552 742 5607 Ut
809 5570 995 5606 curam
1057 5554 1265 5607 habens
1323 5565 1375 5606 et
1438 5553 1785 5620 margaritam
1846 5564 2098 5606 scrutatis

480 5651 652 5699 multo
689 5647 897 5715 majora
940 5647 1023 5700 his
1074 5647 1122 5699 vi
1148 5647 1321 5701 dcuit.
1372 5645 1681 5700 Molestiora
1715 5646 1858 5698 enim
1890 5655 1947 5699 et
1970 5656 2095 5714 apta

484 5740 552 5788 ad
584 5736 846 5805 maiorem
879 5734 1240 5791 incutiendam
1296 5735 1689 5797 turbntioneat,
1732 5734 1835 5787 alia
1894 5746 2092 5795 erant:

2282 4087 2360 4147 ς’.
2409 4081 2570 4135 Ἀλλά
2602 4083 2696 4135 καὶ
2729 4079 2980 4149 σώματος
3017 4082 3271 4150 πήρωσιν
3301 4081 3397 4133 καὶ
3438 4078 3627 4149 λώϐην
3671 4080 3796 4133 σκό-

2208 4193 2303 4228 πει
2336 4175 2453 4238 πῶς
2510 4175 2781 4245 ὲμελέτατ
2829 4173 3022 4245 ἐπειδὴ
3071 4175 3181 4244 γὰρ
3237 4172 3401 4236 αὐτὸς
3447 4173 3710 4226 οὐδέποτέ
3746 4190 3794 4225 τι

2207 4268 2458 4321 τοιοῦτον
2493 4269 2811 4335 ὑπέμεινεν,
2845 4265 2962 4318 ἀλλ’
2997 4266 3056 4318 ἐν
3101 4264 3323 4337 πλούτῳ
3353 4266 3446 4319 καὶ
3480 4267 3666 4337 τρυφῇ
3701 4264 3794 4316 καὶ

2206 4362 2272 4429 τῇ
2326 4359 2466 4432 ἄλλῃ
2510 4359 2847 4430 περιφανεῖς.
2877 4359 3109 4411 διετέλει
3167 4357 3295 4424 ζῶν,
3345 4357 3447 4420 τὰς
3502 4356 3795 4427 ἀλλοτρίας

2209 4453 2565 4522 καθεκάστην
2602 4451 2962 4522 ὠνειροπόλει
3006 4451 3296 4520 συμφοράς
3325 4466 3340 4482 ⁸
3387 4449 3482 4503 καὶ
3509 4449 3672 4503 τοῦτο
3700 4452 3795 4518 δη-

2207 4544 2339 4609 λῶν,
2393 4544 2549 4610 ἐλεγε
2574 4560 2589 4576 ο
2626 4543 2794 4608 Φόϐος
2827 4544 2960 4613 γὰρ,
3012 4544 3072 4596 δν
3106 4541 3450 4613 ἐφοϐούμην,
3483 4536 3616 4612 ἦλθέ
3654 4557 3748 4611 μοι
3773 4558 3791 4574 ·

2209 4637 2306 4687 καὶ
2335 4634 2394 4687 ὃν
2420 4633 2735 4700 ἐδεδοίκειν,
2774 4636 3081 4707 συνήντησέ
3118 4651 3236 4705 μοι.
3264 4635 3376 4688 Καὶ
3409 4635 3607 4688 πάλιν·
3652 4633 3793 4701 Ἐγὼ

2208 4724 2266 4776 δὲ
2297 4725 2390 4777 ἐπὶ
2415 4726 2583 4777 παντὶ
2641 4724 2890 4797 ἀδυνάτῳ
2922 4725 3190 4793 ἔκλαυσα,
3247 4725 3506 4792 ἐστέναξα
3550 4725 3611 4779 δὲ
3669 4726 3793 4779 ἰδὼν

2211 4814 2381 4884 ἄνδρα
2425 4817 2483 4867 ἐν
2509 4815 2803 4883 ἀνάγκαις.
2845 4816 2945 4869 Διά
2989 4815 3170 4881 τοῦτο,
3205 4816 3359 4870 οὐδὲν
3388 4817 3553 4870 αὑτὸν
3594 4818 3792 4887 ἐθορύ-

2210 4907 2296 4960 ϐει
2323 4907 2433 4960 τῶν
2480 4910 2943 4979 προσπιπτόντων
2981 4909 3093 4962 τῶν
3145 4910 3400 4978 μεγάλων
3439 4911 3664 4963 ἐκείνων
3698 4910 3793 4963 καὶ

2208 5002 2502 5071 ἀφορήτων
2529 5018 2545 5033 °
2582 5002 2658 5072 μὴ
2698 5002 2801 5072 γάρ
2834 5019 2923 5070 μοι
2954 5001 3051 5071 τὴν
3081 5000 3359 5056 ἀπώλειαν
3384 5003 3499 5074 ἴδῃς
3524 5002 3633 5055 τῶν
3653 5020 3791 5072 χρη-

2211 5091 2422 5161 μάτων,
2460 5093 2597 5162 μηδὲ
2648 5093 2747 5162 τὴν
2775 5095 2884 5146 τῶν
2920 5094 3126 5147 παίδων
3169 5095 3479 5166 ἀφαίρεσιν,
3526 5095 3661 5164 μηδὲ
3692 5094 3789 5161 τὴν

2203 5185 2424 5255 πληγὴν
2465 5186 2682 5256 ἐκείνην
2706 5186 2806 5256 τὴν
2839 5187 3078 5250 ἀνίατον,
3112 5186 3249 5256 μηδὲ
3274 5188 3375 5257 τὴν
3399 5188 3497 5256 τῆς
3527 5185 3788 5254 γυναικὸς

2203 5277 2528 5347 ἐπιϐουλὴν,
2582 5278 2722 5331 ἀλλὰ
2778 5278 2847 5333 τὰ
2899 5278 3082 5348 πολλῷ
3132 5278 3342 5332 τούτων
3390 5278 3785 5348 χαλεπώτερα’

2203 5371 2302 5423 καὶ
2331 5371 2383 5422 τί
2418 5371 2652 5432 τούτων,
2685 5371 2842 5440 φησὶ,
2886 5371 3275 5441 χαλεπώτερον
3316 5370 3518 5424 ἔπαθεν
3548 5372 3576 5423 ὁ
3628 5370 3785 5434 ’1ὡϐ;

2205 5463 2365 5532 Παρὰ
2392 5462 2501 5533 γὰρ
2536 5462 2635 5527 τῆς
2668 5463 2934 5533 ἱστορίας,
2962 5461 3118 5516 οὐδὲν
3150 5462 3358 5515 τούτων
3382 5463 3543 5515 πλέον
3578 5462 3788 5531 μανθά-

2205 5569 2374 5620 νομεν
2404 5569 2417 5583 θ
2451 5554 2640 5623 ἐπειδὴ
2670 5554 3031 5624 καθεύδομεν,
3056 5554 3503 5624 οὐτμανοάνομεν
3522 5569 3537 5583 ⁸
3567 5554 3642 5616 ὡς
3668 5555 3696 5606 ὅ
3724 5571 3788 5620 γε

2212 5643 2523 5716 μεριμνῶν,
2558 5646 2654 5697 καὶ
2685 5645 2779 5698 τὸν
2808 5648 3158 5716 μαργαρίτην
3193 5645 3375 5709 καλῶς
3420 5645 3786 5714 διερευνώμε-

2211 5752 2323 5803 νος,
2359 5733 2558 5805 ’πολλῷ
2592 5734 2814 5789 πλείονα
2858 5736 3064 5791 τούτων
3090 5738 3326 5791 εἴσεται·
3371 5735 3441 5790 τὰ
3470 5735 3578 5805 γὰρ
3627 5734 3787 5805 χαλε·
