4074 6538
438 415 545 476 995

1804 435 2140 497 ETHICON
2180 440 2277 500 VI.

3586 441 3695 503 9‘26

441 534 667 628 πιῦτερα
701 539 797 592 καὶ
829 541 1012 606 ίκανά,
1051 545 1272 613 μείζονα
1305 549 1509 604 ἐνιέναι
1562 550 1812 625 θόρυϐον,
1844 555 1986 624 ἕτερι

2118 555 2383 623 Primum,
2424 560 2553 613 nihil
2585 560 2727 614 Scire
2777 559 2846 615 de
2893 574 3061 628 regno
3111 557 3371 614 caelorum
3408 566 3463 612 et
3505 573 3689 611 resur-

438 619 507 689 ἦν
532 639 548 655 ⁸
582 627 678 680 καὶ
738 630 958 697 πρῶτον
989 634 1048 686 τὸ
1091 636 1260 707 μηδὲν
1312 641 1511 695 εἰδέναι
1548 644 1679 715 περὶ
1730 619 2013 715 βασιλείας

436 714 688 787 οὐρανῶν
718 723 813 774 καὶ
851 724 1200 792 ἀναστάσεως
1239 731 1340 797 (Ι),
1388 734 1557 800 σαφές
1577 751 1592 766 ⁸
1624 714 1764 808 ὅπερ
1795 737 1887 791 οὖν
1916 741 2011 793 καὶ

441 809 659 880 θρηνῶν
685 814 874 881 ἔλεγεν
893 833 907 848 ·
935 817 1009 870 Οὐ
1036 820 1144 890 γὰρ
1172 823 1252 884 είς
1279 823 1370 876 τὸν
1415 825 1584 879 αἰῶνα
1627 828 1886 899 ζήσομαι,
1921 832 2010 885 ἵνα

441 904 879 975 μακροθυμήσω.
914 911 1198 981 Δεύτερον,
1232 915 1291 966 τὸ
1340 917 1512 971 πολλὰ
1553 920 1736 990 ἑαυτῷ
1773 923 2010 976 συνειδέ-

437 1012 526 1047 ναι
557 996 733 1050 καλά·
764 1000 947 1069 τρίτον
983 1002 1043 1054 τὸ
1070 1007 1235 1073 μηδὲν
1263 1010 1563 1063 συνειδέναι
1597 1014 1833 1082 πονηρόν
1862 1031 1877 1047 '
1914 1017 2004 1068 τέ·-

432 1102 656 1155 ταρτον,
687 1090 748 1141 τὸ
796 1094 946 1162 παρά
997 1093 1135 1148 Θεοῦ
1172 1099 1417 1165 νομίζειν
1457 1102 1634 1157 ταῦτα
1667 1105 1962 1175 ὑπομένειν
1986 1124 2002 1141 ο

432 1178 654 1249 τὸγὰρ,
706 1183 797 1235 τὸν
825 1184 1037 1238 δίκαιον
1085 1190 1239 1255 Θεὸν,
1294 1194 1385 1245 καὶ
1422 1197 1588 1249 παντὶ
1639 1198 1828 1267 τρόπῳ
1877 1200 2004 1267 παρ’

433 1269 601 1323 αὑτοῦ
658 1272 1086 1342 θεραπευθέντα,
1147 1282 1339 1336 τοῦτον
1392 1286 1591 1340 ειδέναι
1645 1288 1792 1359 αὐτῷ
1847 1293 2004 1343 πολε.

434 1363 581 1427 μεῖν,
641 1365 737 1415 καὶ
768 1367 1042 1435 πρόφασιν
1081 1375 1204 1426 τινὰ
1256 1375 1480 1443 εὔλογον
1532 1379 1639 1431 τῶν
1699 1383 2002 1450 γινομένων

430 1449 616 1540 stiper
675 1455 1067 1525 μὴδύνασθαι,
1124 1467 1330 1536 σφόδρα
1377 1469 1565 1522 τοῦτον
1611 1449 1874 1540 ἐτάραττε
1906 1475 2001 1527 καὶ

430 1539 700 1636 ἐθορύϐει.
756 1547 819 1600 Ei
875 1549 930 1602 δὲ
980 1555 1070 1605 καὶ
1125 1555 1216 1608 τὸν
1269 1558 1516 1612 διάϐολον
1566 1539 1815 1629 ἐνόμιζεν
1849 1566 1999 1636 αὑτῷ

426 1628 602 1722 τξτῦτα
638 1634 893 1703 ἐπάγειν,
929 1642 1026 1695 καὶ
1054 1645 1212 1699 τοῦτο
1245 1648 1428 1702 ἱκανὸν
1471 1646 1539 1722 ἦν
1572 1654 1737 1707 αὑτὸν
1766 1656 2001 1709 σκανδα-

426 1718 629 1816 ficari:
667 1726 937 1816 πέμπτον,
984 1733 1044 1785 τὸ
1072 1735 1297 1791 ἀκούειν
1349 1741 1458 1792 τῶν
1489 1718 1658 1808 ξρίλων
1706 1746 1799 1796 ἐπὶ
1828 1747 1997 1816 κακίᾳ

423 1808 821 1871 διαϐαλλόντων
872 1821 1057 1886 αὐτὸν,
1108 1830 1200 1879 καὶ
1258 1828 1546 1896 λεγόντων,
1596 1835 1710 1888 Οὐκ
1756 1834 1884 1900 ἄξια
1920 1808 1993 1888 ὧν

2115 654 2377 716 rectioue,
2400 651 2671 704 evidens:
2721 650 2867 719 quod
2922 650 3229 720 lacrymans
3279 647 3685 704 diccbat:Nou

2110 741 2254 794 enim
2308 740 2359 794 in
2413 751 2676 795 a'teruum
2701 741 2903 803 vivam,
2940 749 2996 794 ut
3038 738 3363 809 longanimis
3403 737 3526 792 sim.
3587 738 3687 793 Se-

2112 833 2376 896 cundum,
2435 835 2601 885 multa
2671 832 2771 885 sibi
2833 846 3161 902 cognoscere
3202 831 3337 884 tnala
3376 845 3391 881 :
3433 830 3681 886 tertium.

2112 926 2241 979 nihil
2273 924 2396 977 ntali
2427 925 2527 979 sibi
2555 928 2834 980 conscium
2862 938 2984 979 esse
3016 941 3029 977 :
3061 934 3342 992 quartum,
3376 937 3404 975 a
3439 921 3546 973 Deo
3569 922 3684 975 haec

2109 1018 2218 1088 pati
2264 1018 2522 1083 credere;
2560 1018 2765 1087 justum
2810 1018 2952 1073 enim
3009 1017 3198 1080 Deum,
3230 1027 3286 1070 et
3329 1016 3474 1069 omni
3525 1017 3684 1065 modo

2108 1111 2173 1161 ab
2213 1125 2277 1162 eo
2308 1119 2576 1169 curatum.
2610 1110 2753 1162 scire
2778 1109 2878 1164 sibi
2911 1109 3108 1163 bellum
3146 1122 3355 1176 gerere,
3384 1117 3436 1160 et
3462 1121 3679 1156 causam

2107 1201 2298 1254 bonam
2330 1216 2513 1254 eorum
2532 1216 2650 1269 quae
2679 1201 2871 1255 ﬁebant
2893 1200 3135 1267 reperire
3150 1215 3251 1251 non
3276 1213 3431 1265 posse
3452 1196 3679 1250 mullum

2104 1306 2225 1344 cum
2284 1292 2562 1345 terrebant
2608 1302 2659 1345 et
2705 1291 3014 1345 turbabant.
3071 1290 3126 1343 Si
3181 1291 3358 1359 ipsum
3403 1287 3677 1340 diabolum

2104 1382 2423 1435 credidisset
2464 1382 2578 1434 lucc
2631 1382 2731 1436 sibi
2771 1380 2992 1445 inferre,
3033 1381 3134 1433 hoc
3174 1395 3298 1432 eum
3347 1378 3679 1432 labefactare

2104 1472 2382 1540 potuisset.
2417 1472 2710 1537 Quintum,
2769 1472 2957 1525 audire
3004 1472 3208 1524 amicos
3246 1485 3303 1522 se
3355 1468 3673 1521 calumniari

2101 1563 2596 1625 maleJractatnm,
2639 1572 2693 1617 et
2725 1563 2969 1618 dicentes
2996 1580 3011 1616 :
3043 1562 3230 1615 Nonne
3254 1570 3512 1630 quantum
3546 1574 3676 1627 pec-

2100 1655 2235 1708 catis
2266 1656 2490 1708 meritus
2521 1669 2578 1708 es
2604 1654 2919 1722 castigaris?
2959 1652 3206 1716 Sextum,
3247 1653 3297 1704 in
3335 1650 3677 1718 improbitate

2097 1748 2341 1800 viventes
2376 1748 2509 1801 bene
2564 1747 2829 1799 habentes
2878 1746 3063 1799 videre
3101 1752 3155 1798 et
3202 1743 3494 1797 irridentes
3546 1741 3673 1795 sibi.

2101 1836 2425 1904 Septimum,
2461 1852 2562 1890 uou
2601 1837 2845 1906 aspicere
2873 1836 3101 1891 alterum
3128 1834 3323 1889 similia
3357 1834 3670 1901 patientem.

421 1903 672 1978 ἥμαρτες
699 1916 1123 1984 μεμαστίγωσαι
1147 1939 1164 1986 ;
1196 1924 1372 1987 ἕκτον,
1406 1926 1464 1977 τὸ
1496 1929 1621 1987 τοὺς
1668 1929 1726 1979 ἐν
1753 1928 1993 2001 πονηρίᾳ
2030 1903 2238 1992 ζῶντας
2269 1930 2330 1984 εὖ
2362 1903 2854 2000 πάσχοντας-ὁρᾷν,
2882 1932 2977 1982 καὶ
3046 1927 3422 1996 ἐπιγελῶντας
3488 1923 3669 1995 αὐτῷ·

420 2001 670 2073 ἕϐδομον,
696 2009 755 2062 τὸ
785 2009 862 2082 μὴ
889 2010 1039 2083 ἔχειν
1063 2018 1141 2079 εἰς
1169 2017 1355 2087 ἕτερον
1384 2022 1513 2075 ἰδεῖν
1541 2022 1768 2077 τοιαῦτα
1796 2024 2106 2077 πεπονθότα
2139 2028 2294 2080 ποτέ.

490 2141 557 2203 ζ’.
594 2143 705 2199 Καὶ
738 2147 787 2200 εί
837 2148 1145 2222 βουλόμεθα
1181 2157 1373 2222 μαθεῖν
1402 2160 1565 2227 ἡλίκα
1597 2161 1772 2215 ταῦτα
1821 2163 1989 2227 ἐστὶν,
2023 2123 2064 2177 Β

417 2232 770 2305 ἐννοήσωμεν
828 2243 898 2297 τά
944 2249 1211 2314 παρόντα.
1269 2251 1329 2303 Εἰ
1391 2252 1500 2320 γὰρ
1553 2253 1653 2305 νῦν
1710 2254 1987 2323 βασιλείας

422 2329 884 2428 προσδοκωμένης
934 2341 1028 2391 καὶ
1069 2342 1420 2404 ἀναστάσεως
1458 2346 1843 2418 ἐλπιζομένης,
1894 2350 1991 2401 καὶ

417 2420 527 2468 τῶν
565 2420 897 2493 ἀποῤῥήτων
928 2432 1148 2493 ἀγαθῶν
1178 2435 1402 2487 ἐκείνων
1426 2437 1534 2488 τῶν
1566 2438 1891 2505 μελλόντων,
1941 2441 1990 2492 οἱ

424 2512 597 2579 μυρία
631 2516 930 2582 συνειδότες
971 2522 1187 2586 ἑαυτοῖς
1234 2532 1402 2585 κακὰ.
1432 2532 1525 2582 καὶ
1569 2533 1809 2585 τοσαῦτα
1839 2532 1992 2601 ἔχον-

417 2617 509 2663 τες
559 2607 1006 2677 παραδείγματα,
1041 2614 1135 2667 καὶ
1178 2618 1450 2686 τοσαύτης
1482 2623 1801 2692 μετέχοντες
1837 2626 1990 2692 φιλο-

415 2695 630 2761 σοφίας,
692 2699 760 2751 ἂν
817 2701 1000 2771 ὀλίγον
1039 2710 1264 2776 χρυσίον
1314 2713 1646 2779 ἀπολέσωσι,
1698 2717 1989 2770 καὶτοῦτο

412 2787 678 2853 πολλάκις
712 2792 1079 2861 ἁρπάσαντες,
1127 2800 1363 2855 ἀϐίωτον
1394 2800 1534 2858 εἶναι
1559 2806 1653 2858 τὸν
1688 2806 1804 2873 βίον
1833 2808 1987 2874 νομί-

410 2877 563 2942 ζουσι
586 2898 601 2912 ⁵
642 2885 737 2936 καὶ
770 2885 945 2939 ταῦτα
976 2888 1100 2942 οὔτε
1140 2894 1405 2959 γυναικὸς
1453 2897 1831 2967 ἐπικειμένης,
1859 2899 1986 2953 οὔτε

409 2973 619 3026 παίδων
646 2977 1082 3048 ἀφαιρεθέντων,
1131 2983 1193 3035 οὐ
1230 2984 1401 3051 φίλων
1440 2987 1836 3052 ὀνειδιζόντων,
1881 2993 1985 3045 οὐκ

406 3068 641 3121 οἰκετῶν
669 3072 1138 3142 ἐπεμϐαινόντων,
1170 3077 1308 3131 ἀλλὰ
1336 3081 1434 3133 καὶ
1474 3082 1690 3135 πολλῶν
1724 3103 1981 3155 παρακα-

407 3159 666 3230 λούντων,
708 3166 818 3218 τῶν
870 3168 969 3236 μὲν
1004 3169 1092 3222 διὰ
1140 3173 1428 3240 ῥημάτων.
1457 3174 1567 3227 τῶν
1605 3175 1660 3229 δὲ
1695 3178 1782 3230 διά
1841 3198 1984 3250 πρα-

406 3253 663 3323 γμάτων,
696 3257 881 3312 πόσων
902 3260 1002 3312 οὐκ
1035 3260 1101 3314 ἂν
1136 3260 1285 3327 ἄξιος
1315 3265 1522 3327 ἐκεῖνος
1555 3268 1641 3337 εἴη
1673 3270 1978 3337 στεφάνων,

407 3346 476 3400 τὰ
511 3350 576 3402 ἐκ
616 3350 843 3404 δικαίων
878 3352 1060 3406 πόνων
1104 3354 1429 3424 συλλεγέντα
1465 3359 1609 3429 ὁρῶν
1644 3361 1837 3426 ἁπλῶς
1887 3368 1979 3417 καὶ

2170 2167 2223 2220 7.
2266 2165 2327 2219 Et
2365 2165 2409 2219 si
2471 2167 2681 2220 discere
2736 2165 2967 2219 velimus
3014 2175 3214 2233 quanta
3269 2162 3371 2217 ista
3401 2163 3530 2225 sint,
3586 2163 3670 2214 vi-

2092 2257 2318 2311 deamus
2345 2257 2650 2325 przeseutia.
2678 2257 2733 2312 Si
2763 2259 2905 2311 enim
2943 2272 3108 2326 regno
3136 2267 3473 2323 exspectato,
3493 2271 3672 2309 resur-

2095 2349 2337 2402 rectione
2363 2361 2600 2415 sperata,
2627 2358 2682 2402 et
2722 2348 3091 2402 iuell‘abilibus
3123 2347 3277 2401 bonis
3313 2348 3417 2400 illis
3452 2345 3670 2410 futuris,

2092 2440 2182 2507 qui
2253 2439 2356 2493 sibi
2425 2440 2567 2492 tnille
2619 2439 2756 2492 mala
2818 2428 3020 2492 norunt
3078 2439 3180 2492 etsi
3230 2446 3380 2490 tanta
3437 2436 3670 2489 habeant

2091 2530 2336 2600 exet‘upla
2368 2542 2422 2585 et
2447 2533 2567 2587 talis
2599 2516 2893 2600 participes
2919 2531 3027 2585 sint
3056 2531 3435 2599 philosophiae,
3469 2530 3513 2583 si
3544 2546 3660 2581 tuo-

2092 2623 2270 2675 dicuut
2300 2639 2487 2676 aurum
2519 2623 2845 2686 amiserint,
2876 2637 3001 2676 cum
3034 2623 3138 2676 hoc
3198 2637 3340 2690 Saepe
3368 2622 3667 2688 rapuerint,

2091 2715 2488 2770 intolerabilem
2539 2729 2660 2769 esse
2687 2714 2849 2768 vitam
2901 2713 3150 2777 credant,
3199 2713 3324 2765 dum
3370 2727 3470 2766 nec
3507 2712 3671 2764 instat

2091 2806 2286 2859 mulier
2359 2820 2456 2860 nec
2511 2805 2837 2860 auferuntur
2900 2805 3090 2874 pueri,
3151 2818 3251 2857 nec
3301 2803 3670 2871 improperant

2089 2899 2274 2960 amici,
2314 2913 2417 2952 nec
2469 2898 2757 2966 insurgunt
2800 2897 3108 2960 domestici,
3146 2896 3239 2950 sed
3281 2895 3431 2948 multi
3469 2909 3669 2948 conso-

2092 2990 2293 3052 lantur,
2329 2989 2382 3041 bi
2421 2988 2624 3052 verbis,
2664 2989 2736 3042 illi
2764 2989 2997 3050 actibus,
3028 2987 3249 3056 quantis
3296 2987 3516 3039 coronis
3557 3002 3663 3038 non

2086 3089 2231 3132 esset
2259 3078 2453 3146 dignus
2500 3078 2591 3131 ille
2625 3079 2716 3144 qui
2751 3076 2887 3131 vidit
2916 3092 2977 3131 ea
3013 3092 3132 3146 qua:
3170 3076 3350 3129 labore
3372 3076 3666 3145 collegerat

2085 3168 2407 3236 simpliciter
2438 3176 2492 3222 et
2543 3167 2855 3221 indistincte
2914 3174 3090 3234 rapta.
3115 3180 3404 3234 puerorum
3445 3180 3662 3218 omnem

2084 3269 2310 3323 cretum,
2339 3275 2634 3328 puerorum
2665 3259 2755 3324 qui
2811 3258 3030 3311 multam
3065 3257 3321 3310 virtutem
3364 3256 3506 3309 tlocti
3552 3255 3667 3309 fue—

2087 3364 2230 3418 rant,
2258 3353 2349 3420 qui
2387 3352 2488 3407 sibi
2519 3353 2747 3404 atterattt
2797 3350 2853 3404 in
2887 3351 3063 3404 aetatis
3101 3349 3254 3412 (lore,
3278 3348 3442 3401 vitam
3479 3362 3663 3400 amara

404 3442 481 3503 ὡς
512 3441 709 3512 ἔτυχεν
743 3445 1126 3515 ἀρπαζόμενα,
1174 3448 1269 3501 τὸν
1294 3448 1587 3521 ὀλόκληρον
1633 3454 1744 3506 τῶν
1775 3457 1981 3512 παίδων

2088 3452 2264 3498 morte
2305 3453 2471 3499 totam
2513 3443 2793 3508 ﬁnientes;
2836 3452 2891 3495 et
2935 3441 3117 3495 subito
3166 3441 3514 3507 semetipsum
3556 3455 3662 3491 tton

406 3530 593 3598 χορὸν,
626 3533 835 3586 παίδων
867 3534 978 3587 τῶν
1012 3537 1214 3606 πολλὴν
1254 3539 1456 3610 ἀρετὴν
1489 3544 1977 3615 ἐπιδεικνυμένων,

401 3623 512 3675 τῶν
546 3626 604 3677 ἐν
630 3624 781 3694 αὐτῷ
811 3628 908 3696 τῆς
949 3629 1165 3696 ἡλικίας
1199 3631 1370 3685 ὄντων
1415 3633 1492 3703 τῷ
1538 3636 1711 3698 ἄνθει,
1742 3641 1979 3693 καταλύ-

405 3728 580 3766 σαντα
602 3714 699 3766 τὺν
732 3713 846 3783 βίον
897 3716 1096 3786 ἀθρόον
1148 3720 1332 3790 πικρῷ
1361 3722 1610 3795 θανάτῳ*
1646 3729 1739 3779 καὶ
1784 3731 1978 3783 ἑαυτὸν

401 3803 682 3876 ἐξαίφνης,
724 3808 784 3858 οὐ
833 3808 1043 3876 πένητα
1076 3812 1258 3879 μόνον.
1297 3814 1387 3867 τὸν
1425 3817 1641 3881 πολλοῖς
1685 3825 1977 3891 περιρρεό-

405 3915 566 3965 μενον
594 3904 864 3967 χρήμασι,
892 3903 984 3954 καὶ
1009 3903 1215 3957 ἄπαιδα
1241 3906 1334 3959 τὸν
1359 3907 1688 3977 πολύπαιδα,
1720 3912 1856 3966 ἀλλὰ
1882 3916 1978 3968 καὶ

398 3990 543 4058 νόσῳ
593 3989 872 4067 βαρυτάτῃ
928 3994 1249 4059 παλαίοντα,
1305 3999 1397 4051 καὶ
1448 4000 1606 4069 λιμὸν
1660 4005 1976 4061 καινότατον

398 4081 798 4149 ὑφιστάμενον,
853 4085 932 4154 τῷ
982 4085 1057 4155 μὴ
1119 4087 1379 4142 δύνασθαι
1430 4092 1541 4144 τῶν
1595 4099 1974 4165 προκειμένων

396 4172 668 4228 ἅπτεσθαι
705 4176 914 4242 σιτίων,
947 4177 1037 4231 διὰ
1066 4179 1164 4249 τὴν
1213 4181 1520 4253 ὑπερϐολὴν
1554 4186 1650 4252 τῆς
1686 4188 1971 4254 δυσωδίας,

394 4269 496 4333 τῆς
522 4269 582 4318 ἐκ
610 4267 720 4318 τῶν
748 4268 843 4321 τοῦ
877 4269 1131 4335 σώματος
1158 4275 1512 4340 τραυμάτων,
1539 4277 1635 4328 καὶ
1661 4278 1756 4346 τῆς
1789 4282 1974 4348 πηγῆς

395 4358 505 4410 τῶν
538 4359 861 4426 σκωλήκων.
920 4361 1013 4414 καὶ
1063 4362 1304 4434 νικώσης
1359 4367 1482 4434 μεθ’
1521 4368 1830 4439 ὑπερϐολῆς
1870 4374 1973 4443 τὴν

392 4449 489 4500 τοῦ
526 4450 714 4519 λοιμοῦ
745 4450 1066 4522 βιαιοτάτην
1097 4455 1368 4526 ἀνάγκην,
1407 4460 1501 4510 καὶ
1533 4463 1972 4531 κατεπειγούσης

391 4540 580 4610 λέγειν
615 4543 800 4605 αὐτὸν,
854 4543 1057 4614 βρόμον
1087 4547 1197 4615 ὁρῶ
1226 4548 1296 4600 τὰ
1342 4551 1463 4608 σῖτά
1498 4570 1599 4618 μου
1624 4567 1638 4581 ⁶
1693 4556 1785 4606 καὶ
1816 4557 1971 4624 παρὰ

395 4635 498 4703 μὲν
530 4634 639 4689 τῶν
672 4638 841 4704 φίλων
874 4639 1075 4705 ὀνείδη,
1110 4642 1263 4711 παρά
1290 4641 1347 4695 δὲ
1387 4644 1498 4697 τῶν
1525 4646 1752 4699 οἰκετῶν
1793 4664 1967 4704 καταε-

468 4857 556 4933 (l_i_
588 4857 681 4933 Sic
717 4859 1132 4933 interpungitur
1163 4862 1218 4916 in
1257 4862 1449 4918 codice
1485 4875 1611 4918 ante
1646 4869 1838 4933 σαφὲς.
1892 4868 1964 4921 ita

391 4941 456 4984 ut
495 4929 824 4984 Theodorus
857 4931 1127 4987 afﬁrmare.
1159 4934 1411 4987 videatur
1441 4936 1573 4989 nihil
1605 4929 1743 4990 Jnlto
1774 4940 1981 4992 t-ottsti-

389 5010 528 5056 ttese
561 5001 626 5051 tle
656 5016 825 5069 regno
856 5001 1123 5055 etelorunt
1161 5013 1217 5056 et
1251 5004 1319 5058 de
1363 5006 1791 5061 resurrectione.
1835 5006 1976 5062 Sub-

390 5071 503 5124 lata
561 5078 766 5140 tamen,
821 5078 881 5123 ιιι
931 5086 1027 5138 par
1073 5082 1177 5129 est.
1229 5075 1708 5140 interpunctione.
1755 5077 1976 5131 mollior

392 5155 592 5212 sensus
625 5139 738 5212 ﬁet,
771 5154 975 5212 nempe
998 5140 1136 5195 Jobo
1175 5143 1317 5196 ltaud
1353 5139 1484 5197 satis
1520 5146 1812 5212 perspicue
1844 5164 1974 5200 tou-

392 5210 604 5264 stitisse
638 5211 703 5263 tie
733 5210 1012 5286 prmdictis
1040 5213 1413 5286 dogtttatihtts.
1572 5210 1763 5286 reapse
1795 5216 1971 5286 (iltry~

394 5289 674 5351 eostomns
734 5279 788 5332 in
852 5289 1042 5334 catena
1105 5281 1339 5339 Juniana
1396 5285 1459 5336 uti
1524 5279 1687 5351 hujus
1746 5279 1971 5350 capituli

390 5348 974 5424 septitni‘versiculum
1007 5353 1112 5424 l0_:
1149 5354 1268 5405 Ὅτι
1300 5355 1406 5419 γὰρ
1438 5354 1535 5405 οὐκ
1570 5348 1685 5424 ⁴ἤδει
1714 5373 1765 5409 τι
1806 5348 1974 5423 σαφὲς

391 5418 651 5490 περὶ-τοῦ
705 5424 1007 5488 μυστηρίου
1045 5422 1145 5487 τῆς
1182 5427 1244 5474 ἐκ
1289 5418 1498 5488 νεκρῶν
1528 5418 1971 5490 παλιγγενεσίας,

391 5488 644 5545 ἐντεῦθεν
688 5491 846 5556 δῆλον
872 5506 884 5519 ·
936 5490 1088 5553 Quod
1128 5498 1267 5546 enim
1305 5494 1508 5546 nullam
1562 5488 1761 5547 certant
1799 5488 1971 5548 scien-

387 5560 518 5611 tium
567 5559 820 5633 [tabuerit
847 5564 1086 5630 myster.i
1128 5564 1565 5629 regenerationis,
1599 5581 1714 5629 quw
1747 5575 1820 5616 est
1858 5576 1973 5633 post

389 5640 636 5701 mortem,
669 5646 733 5682 ea:
777 5632 849 5682 eis
901 5634 1061 5698 liquet
1113 5649 1230 5701 qua:
1258 5633 1405 5697 dicit,
1449 5645 1555 5686 etc.
1608 5632 1864 5687 Attamen
1919 5636 1971 5689 in

386 5699 525 5774 .lnbo
563 5708 750 5774 typum
781 5702 938 5754 nobis
973 5699 1396 5774 resurrectionis
1426 5704 1669 5756 oblatum
1700 5706 1824 5774 jute
1852 5722 1971 5758 cre-

387 5768 597 5825 dimus.
642 5768 817 5823 Porro
846 5782 1029 5827 autem
1062 5772 1280 5841 priscus
1307 5783 1363 5828 et
1405 5768 1822 5844 copiesissiitius
1846 5776 1973 5847 qui-

2085 3539 2245 3589 mmlo
2303 3552 2589 3606 pauperem
2640 3536 2730 3603 qui
2792 3534 2976 3588 multis
3030 3535 3337 3588 abut-«labat
3392 3531 3570 3593 bouis,
3611 3544 3663 3583 et

2081 3626 2272 3679 orbum
2334 3626 2425 3694 qui
2474 3626 2671 3679 multos
2727 3625 2986 3679 habuerat
3047 3639 3268 3691 pueros,
3316 3624 3409 3674 sed
3457 3632 3661 3694 et.cutu

2081 3721 2272 3772 morbo
2297 3719 2624 3787 gravissimo
2662 3718 2977 3781 luctantem,
3008 3726 3061 3771 et
3104 3717 3299 3769 [niuem
3342 3715 3665 3768 crudelissi-

2081 3827 2223 3864 tnatn
2259 3815 2616 3869 subeuntem.
2663 3819 2720 3862 ttt
2771 3817 3009 3875 nequeat
3062 3807 3344 3875 appositos
3398 3809 3663 3875 attingere

2079 3903 2254 3964 cibos,
2283 3912 2503 3970 propter
2532 3916 2810 3955 excessum
2849 3898 3251 3967 graveolentize,
3279 3910 3334 3951 et
3375 3899 3657 3949 vulnerum

2078 3993 2343 4061 corporis.
2373 4004 2424 4046 et
2450 3991 2616 4046 fontis
2634 3992 2894 4045 vermium
2919 3990 3223 4045 vincentem
3247 4005 3407 4058 supra
3441 3991 3657 4043 modum
3724 3987 3733 3997 ’

2077 4084 2236 4138 famis
2275 4083 2726 4137 violctttissitnam
2765 4082 3164 4148 necessitatem,
3199 4092 3253 4133 et
3302 4096 3423 4133 cum
3474 4079 3658 4134 dicere

2076 4187 2357 4244 Cttgetttcm
2395 4174 2862 4227 :Graveolentiam
2887 4172 3044 4225 video
3073 4172 3224 4226 cibos
3257 4186 3407 4226 meos
3444 4188 3461 4227 :
3492 4182 3656 4239 atque
3726 4182 3741 4203 '

2075 4270 2143 4322 ab
2171 4268 2363 4322 amicis
2404 4266 2750 4335 impropet-ia,
2772 4275 2823 4319 et
2849 4280 2879 4319 α
2904 4263 3219 4319 domesticis
3261 4266 3568 4329 despectus.
3601 4271 3655 4315 et

2074 4363 2142 4415 ab
2181 4360 2413 4413 inimicis
2449 4358 2879 4412 iusurrectioncs
2918 4357 3197 4423 excipiens
3228 4372 3241 4407 :
3272 4365 3327 4410 et
3393 4370 3514 4409 cum
3571 4355 3654 4409 his

2075 4454 2330 4507 omnibus
2367 4452 2503 4506 alias
2538 4452 2852 4505 innumeras
2883 4451 3240 4506 tentatiouum
3276 4451 3449 4503 nubes
3487 4448 3655 4502 susti-

2073 4562 2210 4601 nens
2240 4559 2294 4600 et
2345 4563 2442 4613 per
2488 4546 2667 4599 omnia
2725 4546 3081 4598 inconcussus
3134 4557 3447 4610 remanens,
3477 4552 3531 4598 et
3561 4529 3652 4598 de-

2073 4649 2286 4694 centem
2318 4640 2563 4692 referens
2599 4635 2826 4691 Domino
2852 4652 2949 4707 pro
2975 4638 3059 4690 his
3087 4636 3339 4704 gratiam.

2081 4861 2203 4915 tiam
2257 4861 2382 4916 Johi
2439 4863 2735 4930 interpres,
2782 4877 2944 4929 quem
2994 4862 3148 4929 prelo
3194 4875 3297 4917 nos
3357 4860 3654 4931 aliquando

2082 4935 2516 4997 t'onttuittettttts,
2541 4934 2707 4986 verba
2730 4933 2790 4983 οὐ
2810 4934 2918 5000 γὰρ
2946 4936 3025 4993 εἷς
3045 4932 3217 4984 αἰῶνα
3241 4931 3499 5000 ζήσομαι,
3518 4941 3651 4998 etc.,

2080 5003 2238 5072 aliter
2271 5019 2496 5067 prorsus
2533 5003 2809 5072 intelligit,
2843 5017 3036 5071 nempe
3063 5018 3076 5055 :
3101 5001 3271 5072 ΪΟΘεν
3301 5000 3434 5072 ἴδιον
3458 5002 3655 5054 ἀνταλ-

2078 5071 2343 5141 λάττομαι
2369 5072 2470 5139 τῆς
2496 5070 2754 5124 ὲποδύνού
2783 5071 2930 5139 ζωῆς
2957 5070 3052 5124 τὸν
3095 5070 3322 5141 θάνατον
3342 5085 3357 5101 ·
3394 5071 3522 5141 ίσως
3543 5073 3652 5139 γὰρ

2077 5140 2254 5204 οὗτος
2283 5141 2532 5194 ἐπελθὼν
2583 5143 2782 5195 παύσει
2824 5158 2926 5209 μου
2951 5142 3051 5204 τὰς
3081 5140 3274 5203 ὀδύνας
3294 5154 3310 5170 ⁸
3359 5140 3421 5193 οὗ
3455 5140 3563 5208 γὰρ
3594 5143 3653 5192 ἐν

2079 5212 2251 5283 ταύτῃ
2294 5216 2360 5282 τῇ
2408 5214 2650 5283 διαγωγῇ
2700 5211 3030 5283 διαιωνίςω,
3080 5210 3472 5283 ἴνα-ἀπνευστὶ
3502 5209 3652 5283 φέρω

2079 5282 2178 5344 τὰς
2209 5276 2539 5352 τηλικαύτας
2562 5276 2766 5352 -όὸἱρνας
2790 5296 2803 5310 ⁸
2835 5282 3114 5352 ἐφήμερος
3148 5279 3204 5352 δὲ
3227 5276 3323 5338 ὢν.
3357 5276 3650 5352 ὑπομένειν

2082 5346 2378 5405 ἀστενακτὶ
2409 5354 2506 5420 οὐχ
2531 5346 2643 5414 οἷός
2671 5352 2731 5402 τέ
2766 5346 2901 5419 εἰμι.
2932 5346 3287 5415 Quamobrem
3324 5350 3454 5400 mori
3475 5349 3649 5416 potius

2082 5438 2240 5491 quam
2271 5424 2440 5475 vivere
2468 5420 2665 5475 vclim.’
2686 5421 2928 5473 Fortasse
2950 5436 3087 5491 enim
3117 5421 3650 5491 morssupervenien:

2077 5487 2344 5545 doloribus
2375 5493 2501 5543 meis
2532 5493 2690 5559 ﬁnem
2719 5493 2968 5561 imponet.
2996 5490 3148 5543 Certe
3173 5491 3226 5540 in
3251 5489 3348 5540 Itac
3378 5487 3494 5561 vita:
3527 5505 3651 5541 con-

2076 5564 2276 5615 dilione
2309 5556 2658 5629 sempiternus
2707 5556 2816 5613 esse
2852 5558 3036 5620 nolim,
3061 5562 3106 5613 si
3131 5575 3337 5626 semper
3363 5556 3496 5610 tales
3530 5570 3651 5610 tan-

2076 5642 2258 5696 tosqne
2292 5633 2560 5684 cruciatus
2586 5634 2699 5683 sine
2729 5629 3118 5684 intermissione
3154 5631 3253 5682 sint
3283 5643 3649 5698 perpessurus.

2076 5703 2209 5755 Cum
2268 5713 2445 5756 autem
2488 5701 2780 5756 brevissimi
2833 5701 2931 5755 wvi
2969 5702 3093 5767 sim,
3144 5699 3257 5773 pati
3305 5700 3418 5753 sine
3448 5700 3648 5770 gemitu

2074 5787 2294 5844 nequeo.
