4074 6518
342 380 453 442 919

1682 391 2013 453 ΕΤΙΞΏΟΝ
2060 396 2096 453 \'
2110 395 2151 455 Ι.

3505 389 3614 451 931)

350 510 521 560 ματος
543 494 775 565 δύναμιν
797 513 812 529 σ
848 498 939 551 καὶ
962 499 1023 552 τὸ
1047 498 1110 569 δὴ
1137 502 1319 569 μεῖζον
1343 500 1426 555 ὅτι
1447 501 1506 555 ἐν
1544 502 1715 574 πολλῇ
1744 508 1918 574 τρυφῇ

2033 522 2227 577 magno
2256 517 2516 578 apparatu
2549 507 3065 568 annuntiatusntou
3102 518 3240 558 unus
3275 519 3336 557 ex
3365 503 3607 573 piscato-

346 590 577 655 τραφεὶς
608 591 703 643 καὶ
734 590 948 660 πλούτῳ
984 593 1164 664 πολλῷ
1194 596 1382 664 κομῶν
1407 598 1504 650 καὶ
1524 598 1676 667 παρὰ
1709 598 1923 652 πολλῶν

344 676 839 747 δορυφορούμενος,
894 682 991 736 καὶ
1048 685 1330 754 πανταχοῦ
1374 686 1515 756 μετά
1555 688 1757 757 πολλῆς
1795 690 1926 742 ἀνα-

348 768 758 836 κηρυττόμενος
806 772 905 840 τῆς
953 774 1301 843 ἐπιφανείας,
1350 779 1451 832 οὐκ
1502 779 1565 844 ἐξ
1615 781 1816 835 ἁλιέων
1849 781 1925 834 ὣν

347 857 442 908 καὶ
494 858 745 914 τελωνῶν
800 865 897 917 καὶ
936 865 1049 917 τῶν
1098 866 1334 931 εὐτελῶς
1388 867 1757 937 βεϐιωκότων,
1785 870 1924 925 ἀλλὰ

346 949 619 1018 τοσαύτης
669 953 1064 1020 ἀπολελαυκὼς
1107 960 1277 1028 τιμῆς
1321 959 1561 1031 ἔπασχεν
1603 963 1749 1033 ἅπερ
1783 963 1923 1017 ἐπα-

349 1057 514 1108 σχεν·
558 1045 655 1096 καὶ
691 1047 832 1118 ὅπερ
869 1051 1283 1120 φορτικώτατον
1334 1053 1565 1108 ἐπὶτῶν
1610 1055 1925 1111 ἀποστόλων

344 1130 487 1187 εἶναι
527 1136 721 1204 ἐδόκει,
742 1139 900 1193 τοῦτο
915 1143 1048 1196 αὐτὸ
1079 1145 1173 1197 καὶ
1190 1146 1352 1209 αὐτὸς
1385 1147 1624 1218 ὑπέμενε
1648 1152 1799 1222 παρὰ
1835 1152 1925 1221 φί-

342 1221 474 1287 λων,
495 1228 647 1296 παρὰ
675 1230 922 1295 οἰκετῶν,
949 1234 1097 1303 παρά
1128 1235 1339 1308 ἐχθρῶν
1387 1221 1739 1309 μισούμενος,
1774 1246 1927 1313 παρὰ

341 1313 453 1367 τῶν
486 1313 546 1370 εὖ
602 1322 979 1385 πεπονθότων,
1013 1326 1109 1379 καὶ
1155 1329 1254 1398 τὴν
1306 1329 1460 1399 ίεράν
1516 1330 1795 1403 ἄγκυραν,
1829 1335 1924 1386 τὸν

341 1407 665 1477 ἀκύμαντον
698 1413 898 1482 λιμένα
919 1432 935 1449 ·
965 1416 1126 1472 τοῦτο
1169 1420 1226 1474 δὲ
1253 1416 1322 1492 ἦν
1351 1423 1413 1476 τὸ
1449 1427 1563 1487 τοῖς
1598 1426 1924 1489 ἀποστόλοις

342 1499 660 1570 εἰρημένον,
690 1505 750 1556 τὸ
776 1503 963 1560 ἕνεκεν
990 1508 1151 1579 ἐμοῦ,
1192 1511 1352 1566 τοῦτο
1387 1514 1519 1568 ίδείν
1548 1516 1648 1568 οὐκ
1677 1512 1815 1586 εἷχε.

416 1632 471 1692 ι’.
498 1636 781 1709 Θαυμάζω
811 1643 941 1706 τοὺς
980 1647 1180 1710 παῖδας
1223 1649 1353 1713 τοὺς
1389 1652 1541 1720 τρεῖς
1572 1652 1653 1705 ὅτι
1688 1668 1926 1707 κατεπο-

338 1726 596 1795 λέμησαν
637 1734 896 1803 καμίνου,
949 1738 1037 1791 ὅτι
1081 1741 1556 1811 κατεξανέστησαν
1608 1745 1879 1815 τυράννου
1904 1762 1920 1777 ο

336 1820 457 1873 ἀλλ’
487 1821 725 1877 ἄκουσον
750 1826 804 1878 τί
830 1828 1085 1896 λέγουσι’
1120 1833 1246 1895 Τοῖς
1278 1833 1422 1896 θεοῖς
1448 1852 1545 1888 σου
1579 1836 1640 1888 οὐ
1672 1836 1922 1907 λατρεύο-

339 1931 468 1982 μεν,
499 1917 594 1969 καὶ
622 1919 687 1988 τῇ
717 1919 887 1974 εἰκόνι
918 1924 984 1993 τῇ
1021 1928 1196 1996 χρυσῇ
1301 1927 1538 1994 ἐστησας
1570 1929 1633 1982 οὐ
1666 1930 1925 2001 λατρεύο-

337 2026 483 2079 μεν-
526 2010 664 2080 ὅπερ
705 2014 937 2085 μεγίστη
987 2018 1314 2086 παραμυθία
1355 2022 1545 2084 αὐτοῖς
1590 2018 1679 2091 ἦν,
1712 2023 1776 2076 τὸ
1825 2040 1924 2076 σα-

339 2095 459 2163 φῶς
487 2097 687 2152 είδέναι
714 2100 796 2153 ὅτι
831 2101 922 2156 διὰ
944 2104 1038 2157 τὸν
1068 2104 1199 2160 Θεὸν
1230 2109 1408 2163 πάντα
1442 2112 1750 2182 πάσχουσιν
1776 2114 1922 2185 άπερ

337 2190 405 2242 ἂν
466 2191 755 2245 πάθωσινο
811 2196 966 2260 οὗτος
1011 2199 1071 2252 δὲ
1099 2201 1201 2254 οὐκ
1257 2200 1374 2271 ᾔδει
1417 2203 1502 2256 ὅτι
1558 2190 1921 2276 ἀγωνίσματα

284 2298 289 2303 θ
337 2279 515 2335 ταῦτα
567 2284 661 2336 καὶ
711 2286 854 2357 πάλη
882 2304 896 2318 ο
928 2291 979 2342 εί
1006 2290 1114 2361 γὰρ
1146 2291 1285 2363 ⁴ᾔδει,
1336 2294 1436 2347 οὐκ
1467 2295 1535 2349 ἂν
1578 2295 1779 2367 ᾔσθετο
1810 2297 1920 2350 τῶν

335 2376 669 2444 γινομένων.
703 2380 829 2432 Ὅτε
862 2381 996 2449 γοῦν
1022 2383 1261 2452 ἤκουσεν
1289 2386 1370 2439 ὅτι
1406 2388 1480 2457 μὴ
1512 2388 1691 2452 ἄλλως
1717 2389 1819 2443 οῐει
1851 2407 1919 2459 με

337 2468 814 2535 κεχρηματικέναι
868 2489 972 2539 σοι,
1016 2474 1048 2544 ἢ
1102 2473 1190 2527 ἵνα
1238 2476 1522 2548 ἀναφανῇς
1564 2478 1796 2545 δίκαιος,
1832 2483 1918 2534 ὲν-

335 2558 625 2628 νοήσωμεν
650 2562 769 2625 πῶς
792 2564 899 2617 ἀπὸ
918 2564 1077 2634 ψιλοῦ
1103 2568 1348 2637 ῥήματος
1370 2570 1574 2633 εὐθέως
1593 2572 1918 2641 ἀνέπνευσε,

337 2652 457 2712 πῶς
492 2652 843 2723 ἐξηυτέλισεν
877 2658 1092 2724 ἑαυτὸν,
1127 2662 1245 2723 πῶς
1274 2662 1394 2716 οὐδὲ
1443 2664 1772 2719 πεπονθέναι
1802 2667 1918 2720 ἐνό-

339 2760 499 2811 μισεν
535 2745 681 2814 ἆπερ
728 2747 954 2817 ἔπαθεν,
984 2751 1130 2805 οὕτω
1173 2753 1378 2822 λέγων·
1417 2755 1485 2807 Τί
1532 2756 1613 2810 ἔτι
1656 2759 1916 2827 κρίνομαι

337 2837 763 2907 νουθετούμενος
790 2843 884 2894 καὶ
920 2844 1273 2914 ἐλεγχόμενος
1296 2846 1399 2899 ὑπὸ
1435 2850 1671 2914 Κυρίου,
1701 2851 1916 2903 ἁκούων

335 2928 535 2992 ταῦτα,
569 2932 724 2986 οὐδὲν
749 2931 825 2985 ὢν
862 2934 1011 3001 syth;
1046 2935 1155 2987 Καὶ
1185 2935 1349 2988 πάλιν
1374 2951 1389 2964 ⁸
1435 2937 1596 3007 Ἀκοῇ
1651 2940 1752 3007 μὲν
1779 2938 1916 3001 ὠτὸς

335 3021 538 3089 ἤκουόν
594 3041 687 3076 σου
732 3026 794 3077 τὸ
839 3025 1142 3096 πρότερονο
1170 3028 1265 3079 νῦν
1301 3027 1360 3080 δὲ
1399 3032 1427 3081 ό
1483 3029 1762 3100 ὀφθαλμός
1809 3049 1912 3099 μου

334 3114 556 3184 ἑώρακέ
592 3133 651 3168 σε
677 3133 690 3145 ·
716 3117 799 3170 διὸ
827 3118 1095 3184 ἐφαύλισα
1123 3119 1360 3188 ἐμαυτὸν
1389 3120 1484 3173 καὶ
1515 3121 1719 3193 ὲτάκην
1739 3139 1751 3153 ο
1777 3124 1914 3194 ἥγη-

335 3224 437 3277 μαι
462 3208 521 3261 δὲ
559 3210 795 3278 ἐμαυτὸν
835 3211 941 3280 γῆν
974 3213 1068 3266 καὶ
1103 3212 1322 3266 σποδόν.

409 3433 502 3487 ια’.
537 3435 986 3504 Κατανοὴσωμεν
1016 3435 1199 3488 τοίνυν
1227 3437 1493 3507 ἀκριϐῶς,
1522 3439 1652 3492 πότε
1679 3435 1747 3509 ἦν
1778 3440 1915 3508 λαμ-

334 3528 604 3598 πρότερος
648 3529 677 3580 ὀ
720 3527 859 3593 Ἰὼὸ,
905 3528 997 3580 ὅτε
1042 3528 1143 3598 τὴν
1190 3528 1371 3581 οίκίαν
1412 3530 1580 3583 αὑτοῦ
1629 3533 1765 3584 πᾶσι
1804 3534 1916 3596 τοῖς

333 3618 633 3690 παριοῦσιν
669 3618 939 3688 ἀνεώγνυ,
974 3622 1071 3673 καὶ
1098 3622 1167 3673 τὰ
1203 3620 1334 3674 ὄντα
1386 3622 1622 3686 ἐξεδίδου
1669 3627 1784 3686 τοῖς
1815 3626 1915 3677 πέο

330 3730 522 3784 νητιν·
571 3713 606 3786 ἢ
656 3715 748 3768 ὅτε
806 3715 1049 3778 ἀκούσας
1097 3715 1270 3783 αὐτὴν
1315 3718 1760 3786 κατενεχθεῖσαν,
1812 3719 1914 3771 οὐκ

330 3807 813 3874 ἐπεδυσπέτησεν,
868 3806 1003 3861 οὐδὲ
1035 3806 1338 3876 ἐφθέγξατό
1398 3823 1451 3861 τι
1486 3809 1642 3879 ῥῆμα
1691 3810 1912 3878 πικρὶν,

330 3898 450 3953 ἀλλ’
501 3900 794 3969 εὐφήμησε
847 3898 941 3952 τὸν
987 3900 1155 3952 Θεόνο
1210 3900 1343 3951 πότε
1384 3900 1765 3970 φαιδρότερος,
1824 3900 1914 3953 ὅτε

330 3992 492 4044 ἔθυεν
518 3991 660 4055 ὑπὲρ
686 3991 797 4043 τῶν
825 3992 1055 4057 παίδων,
1100 3992 1198 4045 καὶ
1237 3991 1377 4062 πρὸς
1419 3994 1679 4061 ὁμόνοιαν
1716 3993 1916 4055 αὐτοὺς

329 4075 492 4148 ἦγεν,
525 4079 556 4146 ἢ
590 4080 680 4132 ὅτε
714 4080 1181 4150 καταχωσθέντων
1226 4081 1410 4135 αὐτῶν
1436 4082 1531 4135 καὶ
1560 4080 1781 4152 Θανάτῳ
1822 4100 1914 4136 πι-

331 4171 454 4240 κρῷ
483 4172 545 4223 τὸ
576 4170 678 4240 ζῇν
721 4171 1213 4241 ὲκμετρησάντων,
1259 4175 1397 4242 μετὰ
1439 4172 1647 4242 πολλῆς
1692 4174 1793 4244 τῆς
1825 4193 1913 4242 φι-

330 4263 597 4333 λοσοφίας
642 4263 840 4335 ἤνεγκε
875 4264 936 4316 τὸ
969 4265 1191 4332 συμϐάν
1215 4281 1231 4295 ’
1270 4265 1395 4317 τότε
1445 4265 1649 4334 μᾶλλον
1683 4266 1915 4336 ἐξέλαμ-

329 4352 431 4420 ψεν
463 4353 551 4404 ὅτε
583 4353 691 4404 ἀπὸ
711 4353 808 4421 τῆς
842 4355 1048 4424 κουρᾶς
1072 4353 1179 4406 τῶν
1202 4354 1495 4422 προϐάτων
1516 4355 1645 4418 τοὺς
1671 4359 1915 4426 γυμνοὺς

333 4443 686 4513 περιέϐαλεν,
717 4444 748 4514 ἢ
782 4446 872 4497 ὅτε
906 4445 1150 4507 ἀκούσας
1180 4446 1267 4499 ὅτι
1300 4447 1413 4521 πῦρ
1441 4446 1637 4500 ἔπεσεν
1664 4447 1724 4512 ἐξ
1752 4448 1916 4519 οὐρα-

2030 600 2200 665 ribus,
2254 611 2347 653 aut
2397 600 2718 668 ιιιιιιιίίοιιιιίε,
2771 607 2828 652 et
2890 598 3071 652 vditer
3119 597 3459 659 viventibus,
3511 598 3607 650 scd

2032 698 2183 742 tanto
2217 688 2400 744 fruens
2440 691 2647 744 honore
2676 704 2868 758 passus
2903 699 2986 741 est
3014 703 3086 741 ea
3108 703 3227 755 quae
3261 702 3452 754 passus
3498 696 3608 743 est.

2029 778 2093 832 Et
2115 781 2259 848 quod
2290 780 2538 849 gravius,
2572 796 2735 850 quam
2767 781 2908 851 quod
2931 780 3188 848 apostolis
3217 780 3464 848 Contigit,
3486 795 3613 834 esse

2026 869 2330 935 videbatur,
2357 874 2458 924 hoc
2483 871 2658 939 ipsum
2701 872 2769 925 ab
2807 872 2999 926 amicis
3044 870 3186 935 tulit,
3216 885 3243 922 a
3273 871 3609 933 domesticis,

2029 960 2096 1013 ab
2119 960 2356 1015 inimicis
2388 962 2515 1016 odio
2542 962 2782 1024 habitus,
2815 962 2883 1016 ab
2911 962 2993 1016 his
3022 962 3113 1029 qui
3149 974 3411 1029 prospere
3441 961 3609 1030 (lege-

2029 1050 2264 1115 baut;et
2293 1067 2505 1108 sacram
2540 1053 2861 1118 anchoram,
2897 1063 3107 1121 portum
3142 1054 3261 1108 sine
3290 1052 3480 1116 ﬂuctu,
3505 1055 3609 1107 Itoc

2027 1142 2290 1208 apostolis
2339 1143 2547 1199 dietum
2591 1154 2692 1210 est,
2749 1155 2960 1214 propter
2993 1161 3095 1212 me,
3130 1144 3234 1200 hoc
3271 1144 3451 1200 videre
3496 1158 3606 1199 non

2026 1243 2260 1301 poterat.

2098 1626 2188 1682 ω.
2225 1627 2397 1684 Miror
2426 1638 2536 1709 tres
2566 1645 2787 1700 pueros,
2818 1634 2960 1704 quod
2992 1649 3117 1690 cum
3149 1636 3361 1692 camino
3401 1653 3607 1710 pugna-

2027 1718 2160 1784 rint,
2210 1723 2354 1788 quod
2405 1721 2803 1781 insurrexerint
2858 1727 2911 1780 in
2962 1736 3276 1798 tyrannum.
3321 1729 3426 1786 Sed
3478 1733 3605 1788 audi

2025 1811 2153 1881 quid
2190 1813 2413 1871 dicant:
2447 1817 2570 1872 Deis
2619 1822 2727 1873 tuis
2763 1835 2872 1874 non
2913 1821 3185 1878 servimus
3224 1832 3278 1876 et
3315 1824 3602 1895 imaginem

2026 1921 2244 1962 auream
2273 1924 2433 1978 quam
2470 1911 2690 1967 erexisti
2720 1927 2827 1968 non
2862 1915 3174 1972 adoramus.
3191 1916 3345 1983 Quod
3368 1924 3601 1976 maxima

2025 1999 2334 2055 adhortatio
2388 2011 2508 2058 erat
2563 2004 2669 2067 bis,
2709 2005 2854 2061 clare
2900 2007 3047 2064 scire
3097 2024 3157 2065 se
3202 2026 3298 2080 pro
3347 2011 3456 2067 Deo
3488 2015 3599 2079 pati

2023 2094 2166 2159 quod
2200 2095 2564 2162 patiebantur.
2628 2098 2722 2153 Ille
2770 2114 2902 2153 vero
2977 2102 3259 2157 nesciebat
3302 2118 3362 2159 se
3405 2120 3502 2175 pro
3530 2121 3601 2161 eo

2023 2187 2134 2254 pati
2167 2189 2465 2243 luctamina
2489 2200 2544 2243 et
2561 2206 2785 2260 pugnas.
2813 2191 2870 2246 Si
2890 2194 3033 2247 enim
3077 2196 3345 2257 seivisset,
3373 2212 3474 2253 nou
3510 2212 3604 2253 ac-

2022 2280 2257 2334 cidentia
2283 2282 2570 2336 sensisset.
2606 2282 2837 2349 Quando
2864 2284 3027 2355 igitur
3054 2287 3257 2341 audivit
3287 2290 3553 2344 dicentem
3581 2305 3603 2343 :

2022 2370 2100 2426 Ne
2125 2373 2281 2428 aliter
2312 2385 2468 2443 putes
2504 2390 2588 2428 me
2618 2376 2910 2445 temetipso
2972 2392 3130 2431 usum
3163 2393 3307 2439 esse.
3347 2395 3510 2447 quam
3540 2394 3600 2435 ιιι

2021 2480 2286 2534 appareas
2319 2466 2521 2533 justus.
2572 2467 2869 2538 cogitemus
2921 2471 3191 2537 quomodo
3227 2482 3447 2538 promer
3480 2475 3603 2527 exi-

2021 2573 2183 2626 guunt
2220 2560 2443 2612 verbum
2503 2559 2611 2611 cito
2656 2559 3029 2629 respiraverit,
3081 2564 3353 2630 quomodo
3377 2576 3436 2618 se
3478 2563 3601 2617 vili-

2021 2650 2550 2719 pendal,quoutodo
2579 2666 2646 2703 ne
2704 2665 2923 2720 passum
2992 2652 3208 2719 quide'n
3251 2668 3310 2707 se
3338 2668 3458 2707 esse
3481 2668 3611 2724 quas

2023 2755 2214 2808 passus
2240 2750 2342 2803 est,
2383 2738 2457 2792 ita
2503 2739 2768 2805 loquens:
2818 2739 2960 2806 Quid
3015 2742 3194 2795 adhuc
3242 2742 3452 2811 judico,
3485 2760 3600 2797 tue-

2021 2834 2215 2900 ipsum,
2240 2848 2405 2899 quum
2445 2832 2740 2885 admonear
2794 2843 2851 2886 et
2908 2847 3106 2900 arguar
3146 2850 3175 2887 a
3214 2835 3460 2897 Domino,
3503 2850 3605 2890 att-

2016 2925 2171 2979 diens
2203 2926 2315 2979 haec
2334 2925 2423 2993 qui
2457 2924 2591 2977 nihil
2641 2939 2759 2978 sum
2782 2924 2807 2976 Ἱ
2836 2923 2899 2977 Et
2932 2939 3118 2980 rursus
3145 2942 3165 2981 :
3205 2926 3404 2981 Auditu
3449 2928 3605 2983 auris

2016 3014 2300 3069 audiebam
2338 3026 2389 3068 te
2415 3015 2567 3088 prius
2600 3031 2617 3081 ;
2649 3030 2791 3069 nttnc
2829 3026 3010 3071 autem
3061 3017 3252 3073 oculus
3287 3034 3437 3075 tuens
3470 3019 3603 3076 vidit.

2020 3119 2071 3161 te
2102 3108 2268 3171 ;.ideo
2286 3107 2449 3163 vilem
2478 3123 2565 3161 me
2617 3107 2863 3176 reputavi
2915 3116 2975 3164 et
3027 3121 3383 3179 consumptus
3429 3127 3600 3177 sum;

1941 3210 1983 3265 ο
2020 3197 2283 3265 tneipsum
2319 3197 2463 3253 enim
2507 3208 2565 3251 ut
2609 3208 2811 3254 terram
2862 3208 2919 3255 et
2973 3198 3252 3269 pulverem
3304 3199 3611 3259 arbitratus

2024 3304 2167 3343 sum.

2093 3429 2179 3484 Η.
2224 3427 2515 3483 Videamus
2538 3427 2700 3498 igitur
2726 3427 3045 3499 diligenter,
3087 3431 3307 3500 quando
3336 3431 3600 3489 illustrior

2020 3534 2131 3578 erat
2160 3521 2285 3588 Job,
2305 3536 2440 3582 cum
2485 3521 2700 3575 domum
2734 3536 2886 3576 suam
2948 3522 3201 3579 omnibus
3236 3527 3599 3592 praesentibus

2021 3620 2353 3688 aperiret,et
2386 3616 2675 3673 facultates
2722 3616 3052 3688 pauperibus
3111 3617 3284 3679 daret,
3346 3618 3429 3670 vel
3474 3631 3607 3673 cum:

2021 3709 2197 3778 ipsius
2217 3710 2369 3762 ruina
2400 3708 2608 3773 audita,
2634 3722 2738 3761 non
2763 3708 3004 3761 animum
3024 3707 3328 3777 despondit,
3351 3723 3450 3762 nec
3480 3723 3611 3763 νει-ε

2020 3801 2145 3856 bum
2181 3800 2310 3869 quid
2342 3800 3001 3867 amaruntpronuntiavit,
3029 3797 3122 3852 sed
3154 3799 3427 3854 benedixit
3451 3799 3559 3854 Deo
3582 3816 3610 3866 ;

2019 3896 2235 3965 quando
2262 3894 2480 3959 clarior,
2513 3910 2633 3947 rum
2658 3891 2986 3947 sacrificium
3013 3889 3236 3944 uli‘erret
3266 3906 3361 3959 pro
3394 3894 3605 3955 puerisr

2018 4000 2073 4044 et
2118 3989 2184 4043 ad
2222 3989 2564 4042 concordiam
2607 4000 2701 4040 eos
2759 3987 3000 4046 duceret,
3032 3982 3112 4035 vel
3145 3998 3270 4038 cum
3304 3983 3609 4036 inltutnatis‘

2019 4080 2147 4143 illis,
2182 4089 2237 4133 et
2268 4088 2443 4131 morte
2495 4090 2683 4129 amara
2732 4076 2841 4129 vita
2887 4073 3190 4137 defunctis,
3237 4088 3365 4127 eum
3406 4090 3595 4142 magna

2019 4173 2286 4241 sapientia
2337 4171 2457 4225 tulit
2513 4166 2790 4222 eventus?
2822 4176 2949 4220 tunc
3011 4166 3181 4235 magis
3224 4165 3431 4220 ctl‘ulsit
3476 4180 3599 4217 cum

2017 4264 2215 4317 vellere
2243 4259 2423 4314 ovium
2456 4259 2627 4313 nudos
2654 4257 2937 4323 vestiebat,
2966 4273 3127 4326 quam
3190 4272 3312 4312 cunt
3374 4254 3609 4309 audiens

2020 4357 2195 4423 ignem
2225 4355 2291 4407 de
2331 4352 2469 4406 cmlo
2497 4352 2782 4415 cecidisse,
2841 4359 2896 4404 et
2958 4361 3201 4403 armenta
3249 4353 3407 4400 bunm
3467 4362 3604 4399 cum»

2019 4448 2325 4519 pastoribus
2369 4448 2679 4508 devorasse,
2715 4456 2824 4498 non
2876 4444 3124 4498 turbatus
3173 4452 3276 4507 est,
3307 4443 3402 4495 sed
3454 4443 3613 4497 mitis

331 4536 447 4600 νοῦ,
491 4540 588 4591 καὶ
613 4538 888 4604 κατέφαγε
919 4537 1021 4608 τὴν
1051 4537 1256 4607 ἀγέλην
1300 4539 1447 4611 pett};
1468 4539 1579 4592 τῶν
1612 4539 1909 4608 ποιμένων,

2022 4541 2375 4596 infortunium
2410 4537 2572 4593 tulit?
2629 4535 2793 4591 Tunc.
2843 4552 3078 4605 magnus
3116 4546 3231 4591 erat
3262 4547 3315 4592 et
3344 4537 3607 4599 celebris,

332 4630 393 4681 ου
421 4628 779 4697 διεταράχθη,
820 4628 962 4682 ἀλλὰ
1005 4629 1198 4697 πράως
1227 4629 1429 4700 ἡνεγκε
1459 4629 1559 4701 τὴν
1595 4631 1908 4700 συμφοράν.

332 4721 470 4772 Τότε
504 4721 677 4789 μέγας
704 4715 773 4791 ἦν
805 4719 898 4774 καὶ
930 4720 1241 4789 εὐδόκιμος,
1275 4722 1366 4774 ὅτε
1396 4723 1461 4791 τῇ
1491 4704 1654 4794 ύγείᾁ
1679 4723 1773 4776 τοῦ
1808 4722 1915 4775 σώ-

336 4830 510 4883 ματος
535 4813 672 4884 πρὸς
698 4813 797 4883 τὴν
828 4811 938 4865 τῶν
965 4812 1341 4881 ἀδικουμένων
1369 4816 1641 4885 ἐκέχρητο
1673 4833 1915 4884 προστα-

333 4909 481 4970 σίαν,
517 4905 828 4977 συντρίϐων
857 4905 957 4969 τὰς
1007 4905 1183 4976 μύλας
1208 4907 1321 4959 τῶν
1347 4906 1554 4961 ἀδίκων
1600 4909 1696 4962 καὶ
1725 4909 1788 4960 ἐκ
1822 4908 1917 4979 μέ-

332 5016 430 5052 σου
461 4999 693 5052 ὀδόντων
741 4998 923 5052 αὖτῶν
959 4997 1292 5067 ἐξαρπάζων
1330 5001 1710 5069 ἁρπάγματα’
1761 5000 1793 5070 ἢ
1828 5000 1917 5053 ὅτε

330 5093 395 5144 τὸ
425 5091 587 5162 σῶμα
640 5091 801 5145 τοῦτο
842 5091 1002 5158 αὐτὸ,
1046 5090 1109 5145 τὸ
1162 5092 1271 5145 τῶν
1304 5092 1689 5162 ἀδικουμένων
1749 5093 1919 5147 ὅπλον

333 5185 550 5256 ἑώρακε
585 5183 1017 5252 κατεσθιόμενον
1051 5183 1158 5237 ὑπὸ
1189 5184 1512 5254 σκωλήκων,
1546 5185 1641 5237 καὶ
1672 5186 1916 5255 καθήμε-

335 5293 427 5338 νος
464 5277 557 5328 ἐπὶ
586 5276 687 5346 τῆς
737 5277 998 5345 κοπρίας,
1029 5276 1192 5339 αὐτὸς
1244 5277 1377 5330 αὐτὸ
1414 5278 1666 5341 κατέξεε,
1732 5277 1916 5330 λαϐὼν

334 5368 632 5436 ὄστρακον,
663 5366 836 5420 ταῦτά
866 5384 949 5421 τοι
990 5370 1089 5421 καὶ
1123 5368 1299 5435 ἔλεγε,
1333 5369 1487 5439 τήκῳ
1532 5369 1788 5439 βώλακας
1813 5372 1913 5440 γῆς

335 5461 445 5512 ἀπὸ
476 5461 670 5529 ἰχῶρος
698 5459 855 5526 ξέων.
891 5462 1002 5515 Καί
1030 5478 1115 5513 τοι
1151 5463 1338 5514 ἐκεῖνα
1371 5462 1470 5527 μὲν
1504 5461 1680 5515 πάντα
1716 5479 1918 5531 κατορ-

336 5548 588 5619 θώματα,
613 5550 789 5602 ταῦτα
818 5551 875 5604 δὲ
921 5551 1225 5620 παθήματα
1254 5546 1321 5621 ἦν
1343 5566 1359 5582 ο
1402 5549 1519 5602 ἀλλ’
1563 5552 1712 5620 ὅμως
1742 5553 1917 5603 ταῦτα

336 5643 496 5696 αὐτὸν
529 5642 752 5696 ἐκείνων
793 5628 996 5711 μάλλον
1032 5642 1281 5711 ἀπέφηνε
1328 5641 1733 5710 λαμπρότερον.
1781 5643 1918 5694 Τότε

340 5733 443 5801 μὲν
478 5735 583 5805 γὰρ
615 5733 999 5806 φιλάνθρωπος
1029 5728 1119 5804 ἦν,
1145 5733 1242 5786 νῦν
1271 5733 1328 5787 δὲ
1354 5734 1644 5803 φιλόσοφος
1670 5735 1880 5804 ἐγίνετ’)
1904 5778 1917 5801 ,

2020 4647 2142 4687 cum
2198 4629 2505 4684 valetudine
2545 4628 2790 4694 corporis
2829 4636 3072 4681 uteretur
3126 4627 3194 4681 ad
3230 4626 3594 4681 defensionem

2019 4722 2219 4790 injuste
2270 4722 2610 4791 patientium,
2635 4730 2921 4775 conterens
2975 4719 3300 4790 injusterum
3352 4720 3518 4774 molas
3546 4729 3601 4771 rt

2023 4816 2090 4869 de
2117 4816 2307 4870 mediis
2342 4816 2594 4870 dentibus
2634 4831 2823 4871 eorum
2865 4814 3087 4884 rapinas
3125 4815 3384 4883 eripiens,
3416 4818 3612 4882 .utag's

2024 4922 2187 4976 quam
2222 4909 2347 4961 dum
2381 4924 2580 4975 corpus
2623 4909 2724 4961 ltoc
2766 4907 2939 4975 ipsum
2977 4907 3230 4975 iniuriam
3278 4909 3596 4977 patientium

2028 5001 2489 5069 propugnaculum
2544 5001 2865 5054 devoratum
2923 5001 3197 5055 vermibus
3252 4999 3406 5061 vidit,
3449 5010 3502 5054 et
3543 5003 3593 5053 iu

2031 5091 2157 5145 lituo
2182 5092 2397 5157 sedens,
2420 5093 2534 5159 ipse
2558 5093 2682 5152 illud
2707 5094 2995 5153 scabebat,
3019 5102 3209 5147 tenens
3233 5100 3450 5157 testam,
3484 5092 3601 5145 huic

2016 5186 2233 5255 quidem
2289 5184 2504 5237 direbat
2535 5202 2549 5237 :
2576 5183 2821 5237 Tabesco
2854 5195 3012 5238 terrae
3040 5185 3223 5253 glebts
3251 5201 3277 5235 a
3314 5188 3614 5253 putredine

2015 5279 2265 5331 st-abcns.
2296 5277 2362 5330 Et
2394 5278 2483 5332 illa
2522 5279 2740 5344 quidrm
2803 5278 2989 5332 omnia
3039 5278 3373 5346 proSperitas
3413 5290 3610 5342 erant,

2017 5373 2131 5425 haec
2172 5372 2415 5424 dolores.
2436 5371 2538 5423 Sed
2563 5370 2675 5423 lta-c
2701 5380 2882 5424 tamen
2916 5374 3087 5439 ipsum
3118 5371 3288 5439 magis
3308 5386 3470 5436 quant
3513 5371 3607 5424 illa

2017 5463 2362 5517 illustriortnu
2445 5463 2885 5516 mamfcstarunt.
2931 5461 3082 5515 Tunc
3131 5461 3274 5515 eui-tn
3328 5462 3605 5516 humanus

2014 5563 2155 5618 erat,
2204 5571 2346 5607 nunc
2397 5555 2653 5618 sapiens;
2695 5564 2824 5607 tunc
2871 5569 3166 5622 pauperum
3217 5554 3600 5622 miserebatur,

2027 5661 2170 5700 nunc
2197 5659 2375 5699 autent
2416 5646 2643 5700 Domino
2701 5647 2907 5714 gratias
2947 5647 3079 5713 agit,
3139 5649 3264 5716 quia
3312 5649 3413 5701 scit
3442 5650 3511 5699 ab
3538 5666 3604 5700 eo

2025 5748 2221 5792 cuncta
2261 5739 2473 5806 disponi
2519 5739 2584 5791 ad
2630 5738 2941 5792 utilitatem.
2972 5735 3035 5791 Et
3071 5750 3125 5791 ut
3161 5738 3454 5802 discamus,
3489 5755 3601 5791 uta-
