4074 6560
410 413 516 475 9.33

1747 415 2073 478 ETHICJN
2116 420 2156 479 γ
2170 418 2219 479 Ῑ.

3550 446 3665 525 934,

408 526 560 593 ζουσι
589 526 810 597 βλέπειν
840 526 933 580 καὶ⁵
970 527 1070 598 τὴν
1104 528 1338 596 κοπρίαν
1386 526 1623 597 ἐκείνην,
1660 531 1756 582 καὶ
1787 528 1949 583 τοῦτον

2079 531 2331 600 pretiosis
2398 545 2671 599 ornatum,
2742 547 2794 592 et
2854 543 3036 598 nescio
3092 546 3499 615 quid:etet:im
3552 574 3656 613 non

406 623 466 673 ἐν
498 620 640 691 μέσῃ
683 620 751 691 τῇ
785 619 990 690 κοπρίᾳ
1036 620 1374 689 καθήμενον,
1405 619 1499 673 τὸν
1536 618 1832 690 ἀνδριάντα
1883 621 1975 675 τὸν

404 713 664 783 χρυσοῦν,
699 712 792 765 τὸν
821 711 1080 771 διάλιθον,
1118 712 1210 766 τὸν
1242 713 1344 766 οὐκ
1374 707 1493 767 οῖδα
1526 712 1644 776 πῶς
1674 713 1815 766 εῐπω
1838 729 1851 743 ·
1881 713 1976 766 καὶ

404 806 512 877 γὰρ
534 805 634 859 οὐκ
664 805 771 875 ἔχω
808 804 998 874 τιμίαν
1031 804 1200 867 οὕτως
1236 804 1367 874 ὕλην
1398 805 1601 873 εὑρεῖν,
1632 803 1707 866 ὼς
1740 806 1977 876 δυνηθῆ-

403 915 492 950 ναι
538 896 878 966 παραϐαλεῖν
912 897 973 950 τὸ
1019 894 1341 967 ᾑμαγμένον
1391 897 1568 949 ὲκεῖνο
1599 897 1795 965 σῶμαο
1832 896 1976 950 οὕτω

403 989 584 1057 πάσης
635 989 767 1058 ὕλης
808 988 994 1057 τιμίας
1042 989 1107 1040 ὲκ
1153 986 1353 1040 πολλοῦ
1386 985 1484 1039 τοῦ
1540 987 1846 1055 περιόντος,
1878 988 1975 1056 τῆς

404 1080 607 1151 σαρκὸς
636 1081 853 1150 ἐκείνης
885 1081 918 1150 ἡ
952 1078 1114 1148 φύσις
1154 1080 1430 1133 ἐδείκνυτο
1462 1079 1845 1149 λαμπροτέρα,
1881 1082 1976 1132 καὶ

397 1173 466 1227 τὰ
497 1171 788 1242 τραύματα
817 1170 928 1224 τῶν
959 1172 1217 1241 ἡλιακῶνί
1230 1171 1469 1225 ἀκτίνων
1499 1171 1853 1241 φαιδρότερκ.

471 1308 551 1363 ιδ’.
592 1309 705 1363 Καὶ
762 1309 908 1381 μάλα
940 1309 1176 1371 ἐἰκότως
1199 1324 1214 1340 ⁸
1250 1301 1409 1362 αὗται
1457 1308 1558 1377 μὲν
1601 1308 1712 1378 γάρ
1746 1311 1844 1371 τὰς
1874 1308 1971 1361 τοῦ

396 1401 650 1470 σώματος
673 1401 1115 1468 καταυγάζουσιν
1140 1400 1313 1470 ὄψεις,
1345 1400 1532 1453 ἐκεῖνα
1557 1400 1614 1453 δὲ
1636 1402 1704 1452 τά
1728 1400 1828 1482 τῇς
1853 1401 1971 1452 δια-

395 1493 547 1555 νοίας
576 1493 737 1562 ἡμῶν
769 1492 1102 1561 φωτίζουσιν
1135 1491 1398 1561 ὄμματαο
1439 1491 1522 1544 διὸ
1552 1491 1764 1552 δίκαιον
1795 1491 1970 1544 ταῦτα

395 1583 689 1652 περιφέρει
713 1583 860 1652 ἡμᾶς
888 1582 946 1634 ὲν
977 1580 1051 1651 νῷ
1071 1596 1089 1613 ο
1117 1582 1209 1634 καὶ
1237 1582 1363 1634 ὅταν
1396 1583 1454 1648 ἐξ
1478 1581 1665 1651 οὐρίας
1693 1580 1967 1649 πλέωμεν,

392 1673 457 1725 τὺ
485 1676 745 1742 ναυάγιον
779 1672 1177 1743 φοϐουμένους’
1207 1675 1300 1726 καὶ
1335 1673 1463 1725 ὅταν
1505 1675 1837 1743 πειρασμοῖς
1874 1690 1970 1725 πε-

398 1766 773 1835 ριπίπτωμεν,
802 1765 864 1817 τὸ
889 1767 953 1818 ὲκ
974 1766 1076 1834 τῆς
1101 1764 1382 1835 ὑπομονῆς
1405 1765 1718 1826 ἐννοοῦντας
1742 1764 1932 1835 κέρδος
1949 1781 1964 1794 θ

2076 622 2230 675 valeo
2259 623 2473 695 dignam
2509 630 2643 704 satis
2689 632 2969 687 materiam
3002 638 3239 704 reperire
3255 656 3414 708 quam
3444 651 3658 714 corpori

2076 711 2165 766 iSIi
2205 715 2503 781 sanguineo
2538 720 2785 778 conferre
2816 728 3018 793 possim
3047 745 3061 792 ;
3091 729 3162 783 ita
3206 745 3400 790 cuneta
3424 711 3659 797 pretiosa

2078 807 2305 860 materia
2337 824 2402 862 cx
2437 811 2616 864 multis
2648 826 2768 882 qua:
2799 817 3045 872 ambiunt
3073 822 3253 879 carnis
3278 826 3432 881 istius
3454 841 3650 886 natura

2077 895 2337 952 illustrior
2387 903 2702 971 apparebat,
2753 914 2807 961 et
2855 908 3080 968 vulnera
3126 915 3258 972 solis
3319 918 3486 977 radiis
3541 900 3670 980 cla:

2075 1003 2242 1045 rtora.

2148 1305 2234 1359 14.
2280 1308 2347 1362 Et
2378 1308 2534 1366 valde
2559 1325 2685 1365 vere
2723 1330 2735 1367 :
2771 1314 2825 1370 bi
2855 1318 2998 1372 enim
3034 1324 3280 1390 corporis
3318 1325 3489 1382 visum
3530 1327 3650 1383 illu-

2074 1396 2305 1461 minant,
2341 1399 2428 1454 illa
2463 1401 2832 1473 intelligentiae
2868 1418 3066 1463 nostra!
3114 1412 3301 1469 oculos
3342 1416 3647 1478 illustrant:

2072 1485 2194 1540 ideo
2245 1487 2393 1556 jnste
2443 1491 2561 1545 haec
2620 1508 2718 1548 nos
2790 1496 3183 1555 circumferunt
3235 1504 3286 1557 in
3344 1516 3524 1562 mente
3558 1520 3647 1575 ;et

2068 1580 2284 1645 quando
2315 1590 2476 1634 vento
2501 1597 2762 1653 prospero
2804 1590 3141 1659 navigamus,
3195 1596 3537 1667 naufragium
3582 1605 3647 1657 ti-

2069 1681 2308 1739 mentes;
2337 1683 2388 1725 et
2411 1679 2623 1743 quando
2641 1681 3023 1736 tentationibns
3073 1686 3376 1752 obruimur,
3403 1702 3646 1759 questum

2069 1777 2100 1814 e
2131 1763 2386 1828 patientia
2432 1766 2722 1824 intuentes.
2788 1771 2854 1827 Ut
2896 1777 3037 1828 enim
3093 1777 3144 1829 in
3194 1793 3353 1834 arena
3389 1784 3645 1839 athletam

392 1859 471 1921 ὡς
499 1859 608 1928 γὰρ
638 1860 697 1910 ὲν
721 1858 799 1927 τῷ
829 1861 1116 1928 σκάμματι
1146 1858 1237 1911 τὸν
1261 1858 1499 1927 ἀθλητὴν
1525 1858 1621 1911 καὶ
1654 1857 1841 1926 ἱδρῶτι
1873 1876 1942 1910 κα

2071 1865 2288 1921 oportet
2318 1868 2373 1912 et
2404 1862 2602 1914 sudore
2624 1873 2676 1915 et
2717 1863 2935 1931 pulvere
2967 1877 3020 1921 et
3055 1865 3237 1924 calore
3274 1874 3460 1938 multo,
3491 1887 3543 1930 et
3576 1877 3644 1929 la-

388 1952 538 2005 κόνει
566 1952 661 2005 καὶ
692 1949 869 2020 Θέρμῃ
896 1950 1085 2019 πολλῇ,
1110 1952 1206 2004 καὶ
1228 1949 1410 2013 πόνοις
1441 1950 1534 2003 καὶ
1562 1950 1960 2017 ταλαιπωρίαις

391 2040 667 2110 μάχεσθαι
718 2040 820 2103 δεῖ,
861 2039 1123 2094 οὕτωκαὶ
1176 2042 1270 2093 τὸν
1313 2043 1538 2107 ἄριστον
1564 2042 1661 2094 τοῦ
1718 2043 1958 2113 Χριστοῦ

389 2132 735 2203 στρατιώτην
774 2134 946 2187 πολλὰ
989 2133 1170 2205 χρεὼν
1215 2135 1510 2204 ὑπομένειν
1557 2134 1814 2200 ἐνταῦθα,
1864 2138 1960 2188 καὶ

387 2228 569 2278 πάντα
598 2226 787 2295 φέρειν
813 2227 1097 2294 γενναίως,
1128 2226 1183 2279 εῐ
1208 2242 1272 2292 γε
1302 2225 1486 2295 μέλλοι
1514 2225 1803 2296 λαμπροὺς
1825 2228 1959 2280 ἀπο-

385 2315 656 2385 λήψεσθαι
684 2318 813 2379 τοὺς
850 2319 1170 2386 στεφάνους.
1197 2318 1259 2370 Εἰ
1290 2316 1398 2386 γὰρ
1428 2316 1491 2386 δὴ
1520 2319 1680 2387 σῶμα
1712 2319 1956 2388 μακαρί-

387 2407 578 2477 ζομεν,
608 2409 670 2461 τὸ
716 2409 1018 2477 δυνάμενον
1044 2408 1217 2478 ψύχος
1260 2411 1355 2462 καὶ
1385 2406 1575 2476 καῦμα
1608 2410 1799 2476 φέρειν
1827 2407 1957 2461 ἀλύ-

385 2519 526 2563 πως,
574 2482 681 2555 καὶ.
721 2502 902 2568 λιμὸν,
950 2503 1045 2555 καὶ
1082 2501 1314 2568 ἔνδειαν,
1358 2501 1453 2553 καὶ
1497 2500 1828 2571 ὁδοιπορίαν,
1863 2501 1958 2554 καὶ

381 2592 760 2664 ταλαιπωρίας
791 2594 1007 2665 ἑτέρας,
1049 2594 1230 2662 πολλῷ
1263 2595 1462 2664 μᾶλλον
1506 2596 1588 2648 δεῖ
1633 2594 1957 2664 μακαρίζειν

379 2684 558 2755 ψυχὴν
586 2685 686 2757 τὴν
733 2685 1043 2757 δυναμένην
1077 2688 1365 2756 καρτερῶς
1397 2686 1492 2740 καὶ
1533 2687 1798 2756 γενναίως
1842 2686 1954 2739 τῶν

380 2779 569 2831 δεινῶν
598 2781 698 2840 τὰς
734 2778 1044 2848 προσϐολὰς
1090 2778 1389 2847 ὑπομένειν
1422 2778 1663 2842 ἁπάσας,
1716 2777 1810 2831 καὶ
1840 2777 1956 2830 δια-

383 2873 573 2939 τηρεῖν
621 2871 924 2924 ἀδούλωτον
970 2872 1140 2941 αὐτῆς
1175 2873 1265 2924 διὰ
1317 2872 1540 2924 πάντων
1577 2870 1637 2923 τὸ
1669 2871 1951 2942 φρόνημα.

382 2965 597 3035 ’Ὠσπερ
629 2963 721 3018 οὖν
751 2967 783 3036 ἡ
809 2966 1009 3036 ἀργίας
1042 2967 1137 3017 καί⁷
1171 2965 1356 3028 ἀδείας
1401 2963 1752 3018 ἀπολαύουσα
1782 2963 1950 3032 ψυχὴ.

381 3057 620 3117 εὐκόλως
653 3055 754 3108 ὑπὸ
786 3073 894 3108 των
927 3054 1115 3107 παθῶν
1166 3054 1465 3111 ἁλίσκεται,
1499 3052 1674 3115 οὕτως
1708 3054 1740 3122 ἡ
1775 3055 1953 3122 διηνε-

383 3147 495 3209 κῶς
525 3149 636 3210 τοῖς
670 3149 810 3218 ὑπὲρ
841 3147 940 3214 τῆς
968 3146 1171 3216 ἀρετῆς
1202 3149 1411 3213 ἀγῶσιν
1450 3146 1798 3214 ἐσχολακυῖα,
1827 3146 1945 3197 οὔδε

2065 1946 2290 2006 boribus
2321 1958 2372 2004 et
2429 1952 2662 2006 miseriis
2719 1969 2980 2025 pugnare,
3045 1959 3119 2013 ita
3190 1964 3409 2018 mllitem
3441 1966 3661 2023 Christi

2059 2037 2346 2104 Optimum,
2406 2041 2494 2109 qui
2558 2043 2720 2097 multa
2779 2048 2935 2100 debet
2992 2049 3100 2117 pati
3162 2051 3213 2105 iu
3268 2054 3369 2109 hac
3420 2058 3548 2124 vita,
3584 2073 3644 2117 et

2061 2132 2240 2182 omnia
2271 2146 2535 2199 generose
2583 2133 2748 2200 ferre,
2785 2138 2830 2192 si
2879 2156 3110 2197 coronas
3159 2148 3404 2213 accipere
3451 2152 3638 2209 debeat

2065 2221 2285 2315 multas.
2323 2222 2380 2277 Si
2412 2225 2554 2278 enim
2585 2241 2786 2297 corpus
2832 2232 3046 2286 beatum
3085 2236 3315 2294 dicimus
3358 2243 3501 2310 quod
3545 2261 3640 2315 po-

2064 2320 2169 2363 te<t
2203 2311 2373 2377 frigus
2396 2325 2448 2368 et
2483 2318 2715 2372 calorem
2743 2321 2858 2375 sine
2890 2324 3105 2379 tristitia
3143 2325 3306 2394 ferre,
3334 2341 3389 2385 et
3421 2311 3640 2403 fante-tn,

2060 2409 2114 2451 et
2144 2401 2397 2468 inopiam,
2435 2413 2486 2456 et
2532 2406 2632 2459 iter
2662 2416 2716 2460 et
2763 2410 3010 2467 miserias
3034 2415 3186 2480 alias,
3243 2421 3414 2476 multo
3473 2401 3639 2495 magis

2060 2493 2216 2547 beata
2246 2497 2468 2551 dicenda
2501 2509 2584 2553 est
2617 2501 2942 2573 animantia:
2966 2507 3106 2561 valt-t
3142 2511 3361 2567 fortiter
3395 2526 3448 2569 et
3478 2493 3638 2586 gene-

2060 2586 2626 2643 roseinfortuniorum
2689 2608 2977 2663 aggressus
3025 2614 3214 2656 omnes
3269 2608 3557 2674 sustinere,
3588 2620 3637 2666 et

2063 2691 2159 2743 per
2189 2680 2369 2732 omnia
2407 2682 2729 2738 sententiam
2773 2701 2925 2739 suam
2976 2702 3127 2744 extra
3179 2695 3491 2753 servitutem
3524 2715 3638 2754 ser-

2061 2786 2213 2825 vare.
2249 2771 2317 2826 Ut
2366 2774 2510 2827 enim
2567 2777 2759 2830 ittertia
2809 2787 2864 2833 et
2919 2782 3208 2837 securitate
3242 2784 3426 2843 fruens
3455 2793 3637 2846 anima

2060 2863 2216 2919 facile
2246 2863 2625 2921 alﬂictionibus
2668 2880 2992 2936 occupatur,
3029 2873 3102 2926 ita
3145 2878 3486 2947 qntejngiter
3517 2897 3636 2937 ver-

2058 2965 2212 3007 satur
2268 2955 2319 3008 in
2380 2958 2597 3012 virtutis
2657 2960 2871 3030 pugnis,
2930 2977 3102 3032 neque
3152 2965 3347 3022 intueri
3398 2988 3634 3042 unquam

2057 3047 2372 3101 certaminis
2410 3062 2595 3102 Curam
2649 3061 2823 3123 vacat,
2876 3066 2997 3107 cum
3036 3071 3094 3110 se
3124 3058 3192 3111 ab
3244 3059 3328 3113 bis
3380 3065 3635 3121 omnibus

2056 3139 2402 3192 abstraxerit.
2436 3139 2553 3193 Non
2611 3142 2752 3194 enim
2780 3142 2916 3198 bene
2958 3161 3121 3216 agere
3181 3156 3527 3217 tantum,sed
3579 3168 3633 3213 et

382 3240 579 3309 σχολὴν
619 3239 742 3305 ἄγει
771 3238 943 3291 ταῦτα
987 3238 1235 3305 ἐννοῆσαί
1279 3254 1410 3288 ποτε
1446 3238 1544 3304 τῆς
1575 3238 1703 3306 περὶ
1735 3237 1804 3288 τὰ
1841 3254 1941 3288 πα-

2053 3230 2171 3282 ntali
2204 3231 2328 3297 quid
2373 3232 2479 3299 pati
2512 3235 2734 3287 multam
2775 3239 3073 3292 mercedem
3099 3239 3320 3299 habent.
3353 3245 3632 3310 Quamob—

381 3332 660 3399 λαίσματα
690 3335 982 3400 μερίμνης,
1017 3332 1237 3383 πάντων
1260 3329 1426 3398 αὐτὴν
1462 3329 1783 3397 ἀπαγούσης
1809 3329 1937 3381 ἐκεῖ·

380 3440 487 3474 νων
507 3438 520 3452 ⁸
555 3423 614 3475 οὺ
646 3424 753 3491 γὰρ
773 3422 834 3473 τὸ
861 3421 1084 3490 ποιῆσαί
1114 3439 1166 3473 τι
1203 3421 1442 3490 χρηστὸν
1477 3420 1661 3488 μόνον,
1695 3418 1832 3471 ἀλλά
1858 3420 1949 3471 καὶ

378 3515 442 3563 τὸ
468 3511 659 3566 παθεῖν
689 3530 743 3564 τι
786 3513 973 3575 κακδν,
1008 3511 1207 3573 πολλὰς
1239 3511 1353 3579 ἔχει
1401 3513 1499 3572 τὰς
1548 3509 1808 3577 ἀμοιϐάς.
1849 3507 1950 3559 Διά

378 3605 445 3674 δὴ
498 3605 654 3658 τοῦτο
693 3604 787 3657 καὶ
841 3605 1117 3672 συγχωρεῖ
1174 3601 1438 3662 πολλάκις
1484 3602 1512 3652 6
1565 3598 1950 3666 φιλάνθρωπος

2060 3338 2175 3375 rem
2210 3336 2350 3391 smpe
2410 3324 2692 3378 hominum
2730 3337 2939 3381 amator
2968 3328 3103 3383 Deus
3124 3331 3388 3399 gloriosos
3424 3336 3475 3389 in
3511 3339 3631 3394 vitae

2059 3414 2306 3467 claritate
2350 3414 2633 3468 innumera
2689 3415 2775 3470 hic
2831 3418 2938 3484 pati
2994 3420 3293 3475 infortunia
3340 3427 3629 3494 permittit,

2058 3520 2150 3557 eos
2187 3505 2341 3558 Valde
2378 3506 2624 3575 diligens,
2659 3514 2870 3575 utquos
2900 3523 2999 3578 per
3028 3511 3142 3566 lucc
3166 3516 3394 3572 adversa
3423 3528 3630 3575 amatos

2058 3594 2316 3660 olfecerit,
2345 3596 2667 3651 illustriores
2698 3600 2888 3654 melius
2914 3615 3160 3658 coronet.

379 3700 510 3762 Θεὸς
562 3701 685 3761 τοὺς
724 3700 1051 3766 εὐδοκίμους
1095 3700 1153 3748 ἐν
1203 3695 1318 3765 βίου
1367 3694 1719 3763 λαμπρότητι
1772 3692 1947 3759 μυρία
1987 3691 2219 3758 πάσχειν
2251 3689 2488 3744 ἐνταῦθα
2508 3690 2676 3755 δεινὰ,
2708 3694 2916 3763 σφόδρα
2944 3696 3115 3763 φιλῶν
3140 3699 3361 3768 αὐτοὺς,
3423 3699 3500 3766 ὥς
3560 3704 3629 3758 ἂν

376 3792 465 3843 διὰ
488 3791 595 3843 τῶν
623 3791 814 3844 δεινῶν
839 3791 1047 3843 τούτων
1076 3789 1201 3851 τοὺς
1232 3788 1590 3856 φιλουμένους
1625 3783 2011 3854 ἐργασάμενος
2042 3783 2484 3854 λαμπροτέρους,
2514 3784 2838 3856 στεφανώσῃ
2874 3788 3168 3855 μειζόνως.

453 3932 532 3980 ιε’.
568 3927 664 3979 Ἂν
703 3926 886 3979 τοίνυν
931 3924 1172 3994 ἀπολέσῃ
1228 3940 1312 3987 τις
1353 3924 1648 3993 χρήματα,
1701 3920 1945 3991 μηδόλως

370 4021 775 4088 δυσχερανάτω,
831 4017 967 4070 ἀλλά
1015 4017 1278 4084 γενναίως
1332 4016 1571 4084 ἐνεγκὼν
1608 4015 1939 4084 εὐχαριστη-

372 4114 522 4165 σάτω
548 4112 628 4180 τῷ
655 4111 795 4180 Θεῷ,
823 4112 964 4163 κατὰ
1111 4109 1233 4162 Ἰὼϐ
1257 4109 1448 4175 εἰπὼν,
1487 4108 1547 4161 '0
1574 4107 1773 4176 Κύριος
1804 4106 1936 4158 ἔδω-

362 4191 488 4271 κεν,
520 4209 547 4258 6
589 4207 790 4276 Κύριος
833 4205 1052 4273 ἀφεῖλε·
1084 4205 1161 4267 ὡς
1198 4204 1275 4272 τῷ
1312 4203 1500 4274 Κυρίῳ
1530 4202 1728 4268 ἔδοξεν,
1764 4199 1939 4263 οὕτως

367 4300 465 4352 καὶ
491 4300 740 4366 ἐγένετο·
772 4296 856 4368 εἴη
896 4297 957 4349 τὸ
1002 4297 1176 4366 ὄνομα
1208 4295 1415 4366 Κυρίου
1445 4295 1819 4365 ηὐλογημένον
1856 4293 1936 4354 είς

365 4392 458 4443 τὸν
487 4392 685 4444 αἰῶνα·
720 4394 814 4444 καὶ
857 4390 1048 4459 κέρδος
1081 4391 1184 4458 τὴν
1214 4388 1420 4458 ζημίαν
1450 4386 1539 4439 διὰ
1572 4387 1672 4456 τῆς
1714 4385 1937 4454 εὐχαρι-

2127 3917 2211 3973 15.
2256 3919 2310 3973 Si
2344 3920 2505 3989 igitur
2529 3924 2651 3988 quis
2678 3920 2815 3976 bona
2839 3923 3082 3978 amiserit
3117 3939 3454 3996 nequaquam
3481 3946 3625 4002 aegre

2046 4013 2207 4075 ferat,
2240 4014 2332 4066 sed
2366 4028 2626 4082 generose
2654 4014 2830 4068 ferens
2877 4013 2985 4069 Deo
3012 4018 3215 4085 gratias
3254 4031 3397 4087 agat,
3425 4022 3498 4076 uti
3521 4022 3623 4078 Job

2047 4102 2273 4163 dicens;
2309 4101 2564 4154 Dominus
2609 4104 2779 4165 dedit,
2820 4103 3077 4160 Dominus
3118 4107 3380 4175 absmlit;
3423 4121 3479 4165 ut
3520 4112 3625 4168 Do-

2046 4196 2193 4246 mino
2223 4192 2445 4261 placuit,
2483 4194 2682 4248 factum
2715 4206 2796 4249 est.
2828 4212 2843 4258 ;
2879 4198 2949 4251 sit
2981 4212 3173 4252 nomen
3218 4198 3426 4257 Domini
3455 4203 3622 4260 bene-

2044 4286 2246 4340 dictum
2296 4287 2346 4340 iu
2404 4295 2687 4341 aeternum.
2737 4289 2911 4358 Atque
2957 4289 3160 4344 lucrum
3218 4292 3474 4349 dannnun
3523 4312 3624 4365 per

2042 4379 2340 4446 gratiarum
2376 4379 2642 4434 actionem
2696 4378 2910 4435 eliiciet.
2956 4379 3035 4436 Ne
3076 4383 3219 4439 dicat
3269 4384 3372 4438 sibi
3418 4385 3622 4455 injuste

366 4484 521 4545 στίας
553 4484 812 4550 ποιήσει’
848 4483 922 4552 μὴ
967 4484 1176 4536 είπάτω
1209 4483 1291 4534 ὃτι
1335 4480 1624 4550 ἅνθρωπος
1675 4478 1935 4545 ἀφείλατο

2053 4473 2110 4526 ab
2139 4472 2358 4526 homine
2392 4473 2504 4526 haec
2536 4480 2690 4539 rapta
2737 4472 2904 4528 fuisse
2932 4490 2948 4539 ;
2983 4490 3103 4526 nam
3140 4454 3616 4543 quomododicere

365 4573 541 4626 ταῦτα
572 4574 834 4643 ἀδικήσας
856 4589 870 4602 ·
901 4573 996 4626 καὶ
1049 4573 1168 4634 πῶς
1209 4573 1509 4641 δυνήσομαι
1543 4571 1739 4633 εἰπεῖν,
1769 4570 1796 4621 6
1825 4568 1938 4621 Κύ-

369 4683 483 4735 ριος
518 4666 803 4734 ἀφείλετο;
841 4671 935 4718 καὶ
976 4668 1003 4718 6
1042 4664 1162 4718 Ἰὼϐ
1190 4667 1298 4735 γὰρ
1343 4664 1379 4718 δι
1416 4666 1449 4715 6
1477 4664 1722 4725 διάϐολος
1751 4660 1931 4727 ἔλαϐε,

360 4755 536 4808 ταῦτα
565 4756 768 4824 ἔφησεν
798 4757 879 4808 ὅτι
915 4759 943 4810 6
995 4755 1198 4825 Κύριος
1234 4756 1488 4823 ἀφείλετο
1513 4772 1528 4787 ·
1581 4755 1715 4823 μηδὲ
1766 4752 1935 4807 πάλιν

360 4846 574 4899 εἰπάτω
602 4864 709 4912 τις,
741 4848 823 4900 ὅτι
852 4848 953 4900 οὑκ
995 4849 1198 4909 εἰδότος
1226 4848 1349 4899 οὐδὲ
1400 4847 1730 4914 βουλομένου
1763 4861 1866 4915 μου
1906 4846 1934 4898 6

360 4938 565 5008 λῃστὴς
604 4940 761 4992 ἔλαϐε
811 4943 1007 5005 ταῦτα,
1035 4941 1129 4994 καὶ
1178 4943 1331 5002 ποῖος
1382 4940 1537 4992 ἔσται
1585 4956 1676 5007 μοι
1713 4937 1928 5017 μισθὸς,

363 5030 465 5082 οὐκ
507 5032 646 5099 ἐμῆς
688 5031 913 5100 γνώμης
941 5029 1036 5083 τοῦ
1089 5030 1410 5101 πράγματος
1461 5031 1642 5094 δντοςς
1671 5029 1794 5083 οὐδὲ
1823 5030 1933 5099 γὰρ

359 5122 455 5174 τοῦ
495 5122 616 5174 Ἰὼϐ
668 5122 867 5184 είδότος
912 5123 1032 5176 οὐδὲ
1077 5122 1401 5191 βουλομένου
1449 5121 1622 5174 ταῦτα
1669 5121 1929 5188 ἐγένετοο

358 5213 481 5266 ἀλλ’
503 5214 651 5282 ὅμως
673 5215 772 5266 οὐκ
800 5213 1022 5266 ἔλαττον
1052 5216 1166 5284 ἔχει
1190 5216 1299 5267 τῶν
1327 5213 1703 5283 ἐλεημοσύνην
1731 5213 1930 5266 δόντων

358 5304 565 5365 ἐκεῖνος
600 5307 628 5357 6
665 5302 738 5372 μὴ
770 5303 893 5366 δοὺς
921 5305 1043 5356 τότε
1070 5319 1084 5333 ⁸
1131 5304 1536 5373 Παραπλησίως
1574 5298 1668 5355 οὖν
1696 5302 1791 5354 καὶ
1823 5302 1931 5364 πᾶς

358 5412 442 5457 τις
479 5396 634 5458 ἄλλος
662 5396 982 5464 ἀφαιρεθεὶς
1029 5397 1290 5466 χρήματα
1336 5396 1431 5448 καὶ
1463 5393 1788 5462 ὑπομείνας,
1839 5411 1930 5447 το-

360 5487 549 5539 σοῦτον
602 5488 831 5557 λήψεται
882 5487 1096 5558 μισθὸν,
1145 5490 1272 5541 ὅσον
1313 5488 1382 5541 ἂν
1430 5490 1478 5541 εί
1537 5484 1682 5540 ἑκὼν
1734 5483 1929 5555 ἔρριψε

356 5580 556 5645 ταῦτα,
595 5583 642 5632 εἰ
674 5580 809 5650 πρὸς
845 5582 1082 5650 πένητας
1115 5581 1456 5649 δεδαπάνηκε
1485 5596 1500 5610 ·
1529 5581 1624 5633 καὶ
1655 5581 1884 5642 εἰκότως
1912 5595 1925 5608 ·

318 5670 547 5724 τοῦτον
577 5673 808 5743 καὶγὰρ
857 5673 1213 5745 θαυμάζομεν
1264 5674 1468 5741 μᾶλλον
1519 5673 1613 5725 τὸν
1661 5672 1928 5743 ἐπηρείας

356 5762 696 5834 εὐχαρίστως
736 5764 991 5835 φέροντα,
1046 5765 1082 5836 ἢ
1122 5764 1214 5818 τὸν
1259 5765 1451 5818 ἑκόντα
1487 5763 1699 5820 διδόντα
1724 5779 1740 5797 ⁸
1774 5762 1829 5817 τί
1863 5762 1925 5833 δή

2039 4564 2242 4633 possim
2269 4578 2285 4615 :
2318 4564 2576 4618 Dominus
2611 4564 2869 4619 abstulit?
2892 4563 2991 4621 Job
3026 4568 3171 4621 enim
3201 4585 3323 4637 qute
3367 4570 3615 4628 diabolus

2041 4658 2239 4725 rapuit,
2276 4657 2391 4710 haec
2434 4657 2568 4711 dixit
2626 4673 2654 4710 a
2702 4658 2930 4712 Domino
2981 4660 3180 4716 ablata.
3211 4661 3396 4732 Neque
3427 4680 3613 4723 I‘UISIIS

2038 4751 2185 4804 dicat
2210 4751 2333 4819 quis
2373 4765 2388 4804 :
2428 4748 2611 4818 Neque
2658 4751 2861 4805 sciente
2894 4766 3067 4819 neque
3111 4753 3322 4807 volente
3346 4771 3430 4809 me
3476 4757 3612 4810 latro

2036 4842 2152 4896 haec
2171 4844 2344 4911 cepit;
2373 4853 2428 4896 et
2459 4842 2636 4907 qualis
2664 4844 2769 4897 erit
2803 4843 2930 4897 mihi
2964 4844 3287 4913 stipendium
3318 4848 3361 4901 si
3402 4848 3504 4903 hoc
3527 4865 3611 4909 me

2036 4936 2206 4991 inscio
2262 4936 2394 4990 fiat?
2423 4935 2539 4991 Non
2598 4936 2741 4990 enim
2801 4938 3006 4991 sciente
3052 4937 3152 4992 Job
3176 4954 3348 5007 neque
3395 4942 3609 4998 volente

2038 5029 2150 5082 lucc
2182 5027 2323 5083 facta
2376 5038 2536 5093 sunt;
2590 5037 2828 5081 attamen
2888 5043 2992 5082 non
3048 5029 3272 5085 inferior
3300 5033 3489 5086 estltis
3517 5036 3607 5102 qni

2033 5120 2425 5189 cleemosynam
2454 5118 2657 5173 faciunt
2682 5120 2794 5188 ipse
2820 5120 2952 5174 nihil
2979 5124 3135 5175 dans.
3169 5122 3430 5178 Similiter
3449 5126 3612 5194 igitur

2033 5210 2210 5281 quitis
2259 5212 2397 5267 alius
2450 5211 2605 5266 bonis
2654 5211 2898 5280 privatus
2943 5227 2997 5267 et
3032 5215 3243 5282 patiens
3282 5216 3606 5272 tantuutsti-

2033 5303 2285 5373 pendium
2312 5304 2820 5372 accipietquantam
2850 5303 2894 5358 si
2936 5304 3049 5359 bazc
3081 5305 3311 5360 libenter
3337 5307 3606 5370 eiecisset,

2032 5399 2074 5451 si
2134 5397 2459 5465 pauperibus
2509 5405 2786 5464 erogassct
2834 5404 2944 5462 ;et
3004 5396 3212 5451 merito.
3269 5395 3404 5449 Eum
3458 5398 3604 5452 enim

2033 5487 2202 5554 magis
2235 5489 2499 5539 miramur
2527 5486 2617 5554 qui
2643 5486 2998 5554 privationem
3030 5486 3183 5539 Izrtus
3208 5484 3414 5550 suffert,
3439 5501 3601 5556 quant

2030 5593 2149 5631 cum
2182 5578 2271 5644 qui
2312 5576 2404 5631 dat
2425 5577 2673 5632 libenter.
2706 5577 2815 5632 Cur
2839 5576 3046 5645 igitur?
3071 5576 3205 5643 Quia
3236 5575 3326 5629 ille
3353 5576 3601 5631 laudibus

2029 5670 2299 5724 enutritnr
2352 5669 2710 5724 conscientim‘
2752 5680 2805 5724 et
2849 5669 3043 5723 bonam
3094 5683 3242 5736 spem
3299 5669 3458 5723 liabet
3497 5682 3512 5723 :
3545 5679 3600 5723 et

2032 5765 2182 5836 prius
2217 5778 2477 5834 generoso
2521 5763 2722 5827 ferens,
2768 5765 3029 5818 bonorum
3077 5761 3431 5831 privationem
3468 5769 3600 5816 tunc
