4074 6518
498 418 606 489 935

1632 419 2028 483 THEODOBl
2071 418 2126 480 Μ
2139 419 2262 480 ELI
2279 417 2412 478 I‘EN
2429 415 2622 475 lO'i‘iE

3641 406 3745 466 936

501 539 591 595 illa
620 535 799 605 eiecit.
827 534 924 590 llic
957 548 1085 591 vero
1106 533 1287 589 adhuc
1314 531 1564 604 alligatus
1589 532 1854 589 violenter
1877 533 2079 601 spolia-

2207 547 2354 597 τοτε;
2391 530 2474 582 ὅτι
2516 529 2720 589 ἐκεῖνος
2767 527 2869 595 μὲν
2899 526 3009 587 τοῖς
3058 523 3303 584 ἐπαίνοις
3345 520 3631 590 τρέφεται,
3664 521 3756 569 καὶ

503 640 591 684 tus
615 637 718 684 est.
748 626 865 681 Non
899 636 1080 681 autem
1118 640 1218 695 par
1264 634 1348 680 est
1398 625 1550 696 prius
1578 639 1898 695 persuasum
1929 626 2084 679 bouis

505 721 789 786 recedere,
811 728 868 775 et
915 727 1043 774 tunc
1105 719 1188 773 eis
1231 719 1504 783 evacuari,
1540 719 1653 773 bth
1695 727 1877 772 autem
1912 718 2087 771 adhuc

505 813 812 883 cupientem
861 812 1125 881 spoliari;
1165 827 1340 880 neque
1402 825 1593 865 rursus
1638 810 1808 863 multo
1848 818 2089 877 tempore

507 914 874 974 contemptum
914 903 1177 957 bonorum
1211 903 1460 958 meditari
1497 912 1553 956 et
1579 902 1801 956 crudele
1832 904 2086 955 damnum

506 995 755 1049 accidens
794 993 1040 1048 sull‘erre.

2181 623 2260 694 τῷ
2295 622 2582 686 συνειδότι,
2622 621 2716 674 καὶ
2762 617 3004 689 χρηστὰς
3058 617 3173 686 ἔχει
3205 615 3307 676 τάς
3357 612 3611 673 ἐλπίδας·
3659 612 3756 664 καὶ

2184 714 2453 785 πρότερον
2489 713 2751 780 γενναίως
2793 710 3034 779 ἐνεγκὼν
3072 709 3172 778 τὴν
3202 706 3457 777 στέρησιν
3495 705 3602 757 τῶν
3624 719 3756 772 χρη-

2188 807 2397 879 μάτων,
2430 806 2549 858 τότε
2581 805 2722 857 αὐτά
2766 802 2993 874 ἔρριψεν
3022 818 3035 833 ·
3070 800 3224 862 οὗτος
3255 798 3311 852 δὲ
3358 800 3439 852 ἔτι
3472 792 3759 867 προσδεδε-

2190 917 2349 969 μενο;
2374 898 2626 969 ἀφῃρέθη
2657 898 2771 969 βέα.
2799 897 2915 951 Οὐκ
2945 894 3062 948 ἔστι
3096 893 3154 946 δὲ
3191 894 3309 946 ἴσον
3338 890 3603 961 πρότερον
3633 904 3757 940 πει-
3811 958 3820 967 ⁸

2189 995 2385 1046 σθέντα
2417 993 2726 1060 ἀποστῆναι
2754 990 3081 1061 χρημάτων,
3110 986 3284 1048 οὕτως
3311 985 3450 1037 αὐτὰ
3493 982 3758 1042 κενῶσαι,

507 1092 602 1144 καὶ
639 1090 720 1141 ἔτι
752 1089 928 1142 αὐτῶν
958 1089 1231 1141 ποθοῦντα
1281 1088 1768 1158 ἀποστερηθῆναι·
1840 1087 1967 1141 οὐδὲ
2040 1089 2205 1142 πάλιν
2239 1092 2299 1143 ὲν
2340 1090 2523 1160 πολλῷ
2607 1091 2785 1160 χρόνῳ
2834 1087 3134 1159 μελετῆσαι
3177 1084 3590 1152 καταφρονῆσαι
3653 1081 3763 1132 τῶν

508 1185 829 1254 χρημάτων,
859 1186 956 1239 καὶ
992 1184 1192 1256 ἀθρόον
1238 1183 1447 1255 ζημίαν
1500 1182 1795 1253 συμὸἄσαν
1854 1185 2203 1253 ὑπενεγκεῖν.

580 1324 667 1379 16.
718 1322 777 1377 Si
817 1324 940 1393 quis
977 1323 1114 1377 alius
1166 1322 1430 1393 inglorius
1469 1339 1499 1374 e
1533 1322 1772 1392 glorioso
1848 1322 1960 1385 ﬁat,
1998 1325 2082 1377 vel

442 1462 445 1463 ν
509 1416 698 1470 morbo
725 1414 887 1484 longo
921 1426 974 1470 et
994 1415 1220 1469 terribili
1253 1417 1417 1479 lucta,
1449 1414 1531 1468 vel
1569 1414 1712 1468 aliud
1752 1414 2028 1485 quidp‘am
2052 1429 2084 1470 e

509 1505 633 1558 vita:
669 1505 829 1559 malis
858 1518 1053 1573 passus
1084 1502 1266 1568 luerit,
1293 1517 1398 1556 non
1415 1499 1536 1556 Jobi
1570 1504 1729 1556 modo
1755 1501 2084 1566 meminerit,

512 1596 816 1651 innumeris
884 1596 1043 1650 malis
1102 1595 1340 1662 luctati,
1394 1596 1495 1649 etsi
1562 1594 1759 1647 virtute
1831 1594 2089 1662 praeditus

512 1689 683 1753 vivat,
719 1688 812 1742 sed
845 1697 897 1742 et
928 1688 1314 1757 prophetarum
1353 1685 1695 1755 etjustorum
1725 1691 1781 1739 et
1808 1684 2087 1755 apostolo-

511 1795 633 1834 rum
668 1782 907 1847 ipsorum
941 1796 955 1832 :
989 1789 1048 1832 et
1075 1793 1265 1832 omnes
1301 1777 1434 1832 istos
1470 1779 1747 1848 reperiens
1787 1793 1891 1832 non
1945 1778 2087 1830 inter

514 1872 728 1936 divites,
768 1881 863 1925 aut
896 1870 948 1923 in
983 1870 1190 1924 deliciis
1222 1872 1488 1934 viventes,
1529 1871 1626 1924 sed
1655 1873 1795 1925 inter
1826 1884 2090 1939 pauperes

513 1975 569 2019 et
613 1963 863 2028 aﬂlictos,
921 1973 975 2016 et
1012 1962 1276 2032 angustiis
1327 1977 1562 2032 pressos,
1620 1964 1673 2016 in
1738 1966 1917 2029 fame,
1977 1964 2090 2025 siti,

518 2060 571 2111 in
648 2056 895 2109 nuditate
949 2059 1229 2125 degentes,
1269 2056 1474 2124 gratias
1533 2064 1656 2123 agat
1713 2054 1961 2120 Domino,
1996 2056 2087 2126 qui

513 2150 683 2202 fatum
717 2148 819 2202 boc
865 2146 968 2201 sibi
988 2131 1154 2211 dedit,
1216 2163 1322 2201 non
1377 2148 1502 2202 odio
1534 2148 1756 2213 habens,
1795 2147 1892 2202 sed
1935 2148 2093 2202 valde

516 2241 768 2309 diligens,
804 2249 859 2294 et
909 2238 1110 2294 multas
1149 2238 1199 2293 ei
1233 2230 1463 2295 coronas
1496 2240 1763 2309 praebens.
1804 2239 1939 2296 Cum
1990 2240 2095 2294 illis

521 2348 626 2388 non
672 2333 797 2388 odio
848 2332 1058 2388 habens
1090 2340 1235 2385 tanta
1291 2332 1522 2387 adversa
1561 2332 1815 2401 patienda
1867 2332 2095 2397 miserit,

522 2426 615 2480 sed
642 2424 765 2492 quia
813 2424 1043 2477 multum
1073 2437 1167 2477 eos
1199 2423 1439 2485 amabat,
1480 2423 1807 2478 illustriores
1851 2437 1946 2476 eos
2001 2437 2097 2490 per

521 2518 751 2571 adversa
788 2517 878 2568 illa
913 2514 1117 2569 eﬂ'ecit.
1162 2514 1273 2568 Etsi
1314 2515 1435 2581 quis
1485 2529 1595 2568 non
1646 2529 1675 2566 a
1720 2513 1826 2568 Deo
1868 2518 2095 2567 adversa

518 2612 765 2677 qumdam
826 2609 1088 2675 patiatur,
1141 2609 1234 2660 sed
1280 2622 1343 2659 ex
1406 2606 1687 2659 hominum
1748 2605 2092 2674 spoliatione,

522 2701 727 2765 gratias
758 2710 898 2770 aget,
947 2708 1000 2753 et
1048 2713 1154 2752 non
1204 2698 1671 2767 biaspbemabitur
1720 2698 1770 2750 in
1822 2712 1945 2750 eum
2001 2696 2095 2765 qui

522 2790 785 2857 impedire
819 2797 1023 2857 potest,
1054 2791 1146 2842 sed
1176 2788 1432 2855 patientis
1462 2790 1531 2839 ob
1560 2787 1784 2857 gloriam
1812 2786 2096 2855 permittit.

525 2880 685 2934 \‘elnt
728 2881 761 2933 ii
793 2883 885 2946 qui
937 2897 967 2934 a
1011 2879 1121 2935 Deo
1155 2880 1465 2950 alﬂiguntur
1514 2894 1768 2934 coronam
1800 2879 2098 2948 accipiunt,

522 2977 597 3029 ita
626 2975 740 3042 ipse
760 2975 1005 3028 eamdem
1038 2978 1342 3028 mercedem
1376 2972 1631 3041 attinget,
1662 2970 1793 3042 quia
1819 2973 1887 3026 ab
1920 2974 2096 3025 homi-

525 3068 685 3120 nibus
718 3067 896 3121 illatos
936 3080 1098 3120 casus
1144 3079 1406 3134 generose
1464 3066 1671 3130 tulerit,
1707 3074 1763 3118 et
1803 3065 1853 3120 ei
1879 3066 1970 3134 qui
2003 3066 2104 3118 im-

526 3159 706 3229 pedire
739 3168 918 3227 potest.
948 3159 1040 3212 sed
1075 3174 1183 3212 non
1221 3158 1334 3211 vult
1365 3158 1572 3226 gratias
1602 3158 1797 3226 egerit.

556 3250 561 3255 ’
630 3251 831 3305 Deinde
899 3249 1267 3318 unusquisque
1346 3249 1515 3302 nostri
1602 3247 1965 3313 recordetur,
2046 3256 2105 3301 ut

2264 1325 2362 1389 ις’.
2401 1325 2498 1377 “Av
2524 1322 2712 1395 ’ἐτερός
2739 1336 2823 1383 τις
2849 1318 3014 1371 πάλιν
3040 1314 3228 1397 ἄδοξος
3257 1312 3318 1377 ἐξ
3347 1309 3558 1374 ἐνδόξου
3592 1308 3757 1377 γένη·

2191 1437 2302 1483 ται,
2409 1418 2546 1484 νόσῳ
2577 1416 2767 1486 μακρᾷ
2795 1414 2891 1467 καὶ
2927 1412 3074 1480 δεινῇ
3102 1406 3329 1476 παλαίῃ,
3359 1403 3391 1475 ἢ
3424 1403 3551 1457 ἄλλο
3578 1418 3631 1453 τι
3664 1398 3767 1452 πέ-

2194 1510 2356 1564 πονθε
2398 1510 2504 1563 τῶν
2555 1509 2652 1561 τοῦ
2697 1507 2816 1578 βίου
2874 1501 3085 1567 κακῶν,
3141 1501 3217 1573 μὴ
3282 1497 3376 1552 τοῦ
3430 1495 3547 1549 ’1ὼὸ
3603 1495 3766 1565 μόνον

2194 1603 2628 1673 ἀναμνησθήτω,
2677 1600 2893 1671 μυρίοις
2950 1596 3145 1658 δεινοῖς
3199 1591 3631 1653 πυκτεύσαντος,
3663 1589 3762 1641 καὶ

2193 1698 2366 1751 ταῦτα
2392 1695 2598 1760 ζῶντος
2649 1695 2707 1747 ὲν
2737 1693 2934 1762 ἀρετῇ,
2964 1688 3100 1743 ἀλλὰ
3152 1687 3250 1740 καὶ
3280 1684 3388 1738 τῶν
3439 1680 3756 1754 προφητῶν,

2195 1792 2292 1844 καὶ
2334 1788 2455 1843 τῶνα
2493 1786 2717 1841 δικαίων
2745 1783 2980 1838 καὶτῶν
3032 1778 3350 1834 ἀποστόλων
3383 1776 3561 1830 αὐτῶν
3592 1789 3608 1804 ’
3667 1774 3766 1826 καὶ

2196 1883 2409 1943 πάντας
2440 1879 2665 1941 τούτους
2696 1874 2873 1946 εὑρὼν
2914 1874 2975 1927 οὐ
3003 1873 3111 1925 τῶν
3151 1868 3526 1923 πλουτούντων
3557 1865 3617 1919 οὐ
3652 1864 3768 1916 τῶν

2194 1970 2550 2040 τρυφώντων,
2577 1968 2715 2021 ἀλλὰ
2745 1966 2854 2018 τῶν
2885 1963 3225 2041 πενομένων,
3255 1959 3368 2014 τῶν
3407 1956 3766 2041 θλιθομένων,

2195 2038 2324 2116 τῶνί
2362 2060 2909 2132 στενοχωρουμένων,
2944 2038 3054 2108 τῶν
3088 2057 3145 2107 ἐν
3192 2052 3338 2122 λιμῷ
3373 2051 3465 2105 καὶ
3497 2038 3621 2119 δίψῃ
3673 2047 3770 2099 καὶ

2194 2152 2500 2223 γυμνότητι
2529 2150 2829 2217 διαγόντων
2857 2148 3041 2210 ὄντας,
3087 2143 3533 2217 εὐχαριστησάτω
3568 2141 3643 2210 τῷ
3671 2142 3769 2191 Δε-

2195 2246 2396 2318 σπότῃ,
2436 2244 2519 2297 ὅτι
2552 2244 2649 2313 τῆς
2676 2244 2874 2313 μοίρας
2900 2240 3105 2309 ταύτης
3133 2239 3295 2292 αὐτὸν
3334 2236 3614 2301 ἐποίησεν,
3646 2229 3771 2299 οὐχὶ

2200 2336 2402 2407 μισῶν,
2433 2321 2570 2389 ἀλλά
2608 2336 2705 2387 καὶ
2737 2333 2946 2403 σφόδρα
2976 2331 3171 2401 φιλῶν,
3203 2330 3297 2383 καὶ
3327 2326 3554 2386 πολλοὺς
3586 2321 3771 2376 ἐντεῦ-

2199 2426 2293 2479 θεν
2330 2426 2478 2494 αὐτῷ
2506 2425 2789 2495 προξενῶν
2816 2424 3120 2493 στεφάνους
3146 2439 3161 2454 ο
3190 2420 3313 2474 ἐπεὶ
3338 2416 3623 2476 κάκείνους
3646 2413 3771 2483 οὐχὶ

2202 2516 2379 2586 μισῶν
2427 2517 2579 2586 ἠφίει
2626 2513 2870 2569 τοσαῦτα
2927 2515 3160 2582 πάσχειν
3203 2511 3374 2573 δεινὰ,
3414 2506 3529 2561 ἀλλ’
3583 2505 3769 2573 ἐπειδὴ

2203 2606 2410 2675 σφόδρα
2440 2606 2638 2675 ἐφίλει,
2659 2605 3079 2675 λαμπροτέρους
3110 2601 3305 2664 αὐτοὺς
3338 2600 3427 2652 διά
3450 2600 3556 2650 τῶν
3580 2595 3769 2649 δεινῶν

2199 2698 2410 2753 τούτων
2433 2697 2727 2768 εἰργάζετο
2751 2714 2764 2728 ·
2798 2698 2902 2749 κᾶν
2937 2695 3048 2766 γὰρ
3086 2695 3161 2765 μὴ
3193 2694 3281 2747 διὰ
3322 2692 3414 2745 τὸν
3447 2691 3578 2744 Θεὸν
3625 2686 3770 2755 πάθῃ

2201 2796 2288 2858 τίς
2318 2813 2372 2847 τι
2402 2796 2512 2848 τῶν
2542 2794 2756 2859 δεινῶν,
2784 2792 2898 2845 ἀλλ’
2929 2789 2989 2854 ἐξ
3028 2788 3332 2858 ἀνθρώπων
3369 2783 3657 2854 ἐπηρείας,
3691 2780 3770 2831 εὐ-

2203 2886 2532 2959 χαριστήσει
2569 2886 2627 2939 δὲ
2663 2887 2760 2938 καὶ
2799 2885 2873 2955 μὴ
2917 2881 3302 2953 βλασφημήσει
3344 2879 3437 2931 τὸν
3480 2874 3769 2943 δυνάμενοι

2207 2980 2309 3050 μὲν
2344 2978 2618 3043 κωλύσαι,
2670 2976 2877 3046 ἀφέντα
2902 2974 2960 3027 δὲ
2992 2974 3092 3042 τῆς
3122 2972 3216 3025 τοῦ
3252 2968 3583 3030 πεπονθότος
3615 2966 3771 3018 ἕνεκα

2205 3073 2458 3143 δοκιμῆς,
2501 3070 2693 3139 ὥσπερ
2721 3071 2772 3122 oi
2823 3068 2914 3122 διά
2945 3069 3039 3120 τὸν
3070 3066 3201 3119 Θεὸν
3240 3063 3526 3122 παθόντες,
3577 3075 3770 3126 στεφα-

2206 3164 2423 3218 νοῦνται
2448 3181 2463 3196 ·
2500 3162 2676 3224 οὕτως
2722 3160 2886 3223 αὐτὸς
2934 3159 3046 3213 τῶν
3080 3158 3256 3211 αὐτῶν
3306 3154 3649 3220 ὲπιτεύξεται
3686 3171 3769 3222 μι-

2210 3256 2374 3318 σθῶν,
2409 3257 2492 3310 ὅτι
2536 3259 2637 3319 τὰς
2687 3253 2842 3323 παρά
2891 3251 3198 3322 ἀνθρώπων
3249 3248 3580 3319 ἐπαχθείσας
3628 3246 3771 3316 αὐτιῖ

525 3345 806 3409 studiosis,
868 3351 923 3395 et
978 3344 1046 3395 ab
1084 3340 1446 3410 amigeutibus
1508 3340 1718 3394 lucrum
1770 3348 2101 3406 reportare:

2214 3351 2500 3420 συμφορᾶς
2546 3351 2746 3420 ἤνεγκε
2773 3347 3038 3415 γενναίως
3064 3362 3077 3376 ·
3123 3345 3322 3413 καὶτῷ
3361 3343 3643 3414 δυναμένῳ
3682 3341 3771 3412 μὲι

523 3435 778 3505 jejnnans
806 3434 950 3487 enim
982 3444 1033 3485 et
1068 3433 1300 3501 vigilans
1357 3433 1539 3485 anima
1572 3445 1678 3485 non
1710 3432 1870 3485 modo
1894 3434 2111 3500 quando

530 3542 787 3596 prospere
819 3542 906 3580 res
964 3525 1215 3580 feruntur
1264 3526 1590 3596 sapientiam
1658 3526 1950 3588 ostendit,
2013 3526 2108 3578 sed

528 3621 746 3689 quando
810 3632 989 3671 rerum
1052 3618 1323 3672 contraria
1388 3618 1635 3687 quaedam
1686 3621 1837 3672 adest
1873 3617 2112 3671 circum-

531 3713 773 3777 Similia,
826 3720 951 3765 time
1003 3724 1188 3778 parem
1240 3707 1534 3779 gratiarum
1592 3711 1858 3767 actionem
1893 3711 2112 3777 referet,

532 3806 678 3859 nullo
730 3805 888 3859 modo
939 3819 1117 3857 rerum
1160 3805 1461 3857 mutatione
1512 3805 1755 3859 emollita
1796 3804 1918 3859 :ita
1981 3802 2103 3857 ani-

531 3914 676 3952 mum
712 3895 1107 3966 despondentes
1136 3909 1202 3949 ne
1237 3895 1497 3950 secundis
1536 3897 1753 3967 quidem
1791 3894 1952 3951 rebus
1987 3910 2104 3949 me-

530 3992 698 4045 liores
730 3989 884 4044 (inut.

2211 3444 2415 3505 ταύτας
2443 3440 2710 3501 κωλύσαι,
2752 3440 2827 3511 μὴ
2870 3438 3188 3510 βουληθέντι
3221 3437 3299 3501 δὲ,
3333 3435 3772 3507 ηὐχαρίστησεν·

2211 3536 2295 3589 ἔτι
2345 3535 2577 3597 ’ἕκαστος
2610 3535 2769 3602 ἡμῶν
2812 3530 3340 3604 ἀναμιμνησκέσθω,
3394 3529 3480 3583 ὅτι
3530 3529 3773 3600 καθάπερ

2209 3628 2259 3679 οἱ
2294 3625 2712 3695 σπουδάζοντες,
2753 3625 2847 3678 καὶ
2898 3625 3007 3677 ἀπὸ
3041 3623 3150 3676 τῶν
3200 3622 3513 3676 λυπούντων
3562 3622 3754 3691 κερδαί

2210 3731 2397 3767 νουσιν
2428 3728 2441 3743 ⁵
2471 3715 2504 3782 ἡ
2529 3715 2641 3782 γὰρ
2676 3714 2923 3779 νήφουσα
2976 3712 3074 3764 καὶ
3121 3712 3458 3781 ὲγρηγορυῖα
3484 3709 3653 3780 ψυχὴ,
3706 3709 3774 3777 με)

2216 3805 2376 3873 μόνον
2402 3803 2623 3855 ἐπειδὰν
2652 3805 2794 3854 κατὰ
2829 3801 2955 3873 ῥοῦν
2982 3803 3216 3870 φέρηται
3241 3802 3307 3854 τά
3333 3800 3657 3870 πράγματα.
3682 3801 3776 3869 τὴν

2215 3894 2647 3967 εὐγνωμοσύνην
2683 3896 3077 3956 ἐπιδείκνυται,
3125 3895 3260 3947 ἀλλὰ
3310 3894 3413 3948 κᾶν
3449 3893 3667 3945 ἐναντία
3696 3908 3783 3954 τις

2220 3988 2567 4057 πραγμάτων
2614 3987 2938 4057 περίστασις
2996 3984 3479 4056 παρακολουθήσῃ,
3539 3985 3633 4038 καὶ
3665 3984 3789 4037 τότε

529 4087 629 4153 τὴν
668 4084 790 4153 ίσην
814 4084 1166 4154 εὐχαριστίαν
1214 4086 1500 4152 ἀναφερει,
1536 4083 1700 4155 μηδὲν
1734 4086 1845 4139 ἀπὸ
1872 4080 1973 4154 τῆς
1997 4084 2107 4137 τῶν
2154 4084 2498 4153 πραγμάτων
2573 4080 2881 4153 μεταόολῆς
2947 4080 3309 4151 χαυνουμέκρη,
3365 4080 3535 4144 οὓτως
3594 4084 3644 4136 εί
3697 4086 3790 4154 ρᾳ-

533 4178 834 4248 θυμοῦντες
862 4176 985 4229 οὐδὲ
1031 4177 1140 4230 ἀπὸ
1170 4176 1277 4230 τῶν
1304 4172 1664 4248 ὠφελούντων
1715 4176 1981 4247 ἀμείνους
2036 4177 2309 4246 γίνονται.

618 4316 701 4368 Π.
765 4313 1057 4382 Propterea
1121 4314 1213 4368 Dei
1283 4316 1666 4371 educationem
1704 4331 1813 4369 non
1876 4313 2112 4369 ferentes

534 4420 710 4478 grate,
764 4410 856 4461 sed
890 4422 1034 4477 a'gre
1071 4408 1362 4476 patientes,
1416 4421 1680 4478 praeterea
1707 4408 1849 4476 quod
1901 4408 2110 4463 nullum

2299 4317 2384 4380 ιζ’.
2421 4317 2521 4368 Διὰ
2567 4314 2731 4368 τοῦτο
2763 4316 2812 4367 οί
2846 4315 2944 4381 τὴν
2974 4314 3070 4367 τοῦ
3115 4313 3253 4367 Θεοῦ
3285 4315 3533 4368 παιδείαν
3563 4315 3638 4384 μὴ
3671 4316 3789 4383 μετ’

2200 4407 2572 4479 ἐὐχαριστίας
2601 4406 2882 4476 φέροντες,
2918 4405 3054 4458 ἀλλὰ
3083 4405 3626 4473 δυσανασχετοῦντες,
3656 4403 3793 4475 πρὸς

537 4518 601 4553 ex
644 4516 707 4553 ea
757 4498 990 4553 fructum
1032 4501 1271 4566 capiant,
1324 4503 1582 4553 extremis
1635 4500 1845 4569 seipsos
1872 4500 2104 4555 circum-

2220 4500 2298 4572 τῷ
2329 4501 2494 4571 μηδὲν
2520 4499 2579 4564 ἐξ
2608 4500 2777 4563 αὐτῆς
2809 4496 3232 4566 καρπώσασθαι,
3266 4497 3359 4549 καὶ
3388 4498 3507 4557 ταῖς
3535 4494 3794 4564 ἐσχάταις

539 4595 671 4646 dant
696 4592 962 4646 adiret-sis.
990 4592 1101 4645 Hoc
1140 4596 1513 4661 unusquisque
1534 4609 1599 4646 ex
1644 4594 1804 4647 nobis
1851 4593 2120 4662 evangeli-

539 4691 693 4735 zatns
741 4697 849 4734 non
911 4682 1324 4758 blaspbemetur
1377 4681 1816 4736 benefacientem
1863 4680 2023 4737 nobis
2070 4693 2122 4735 et

540 4776 865 4828 salvatorem
891 4784 944 4827 et
978 4783 1209 4827 tutorem
1242 4775 1295 4827 in
1345 4774 1589 4828 adversis
1618 4776 1845 4843 positus,
1873 4792 1938 4828 ne
1969 4776 2120 4829 labo-

543 4883 652 4920 rem
684 4867 909 4917 istorum
943 4867 1160 4927 subeat,
1209 4865 1328 4935 ejus
1357 4880 1491 4919 vero
1526 4866 1681 4919 lucro
1726 4867 1794 4919 ob
1836 4867 2123 4934 impatien-

541 4961 671 5012 tiam
711 4960 971 5028 privetur,
1004 4967 1059 5011 et
1094 4959 1146 5009 in
1185 4958 1447 5028 abyssum
1481 4970 1741 5012 extrema:
1794 4959 2122 5026 perditionis

542 5053 902 5119 deprimatur,
966 5052 1092 5121 quia
1120 5052 1380 5105 auxilium
1417 5052 1507 5106 Dei
1560 5053 1840 5121 repulerit,
1874 5062 1926 5106 et
1958 5055 2124 5105 velte-

542 5143 863 5197 mentiorem
905 5143 1194 5197 adversum
1255 5161 1313 5199 se
1366 5146 1636 5199 diabolum
1699 5146 1943 5199 eﬂ‘ecerit
1975 5162 1990 5211 ;
2025 5148 2123 5198 sed

543 5248 774 5291 cunctos
829 5252 951 5297 cum
1008 5241 1307 5304 gratiarum
1354 5241 1568 5294 actione
1621 5239 1764 5292 ferat
1817 5248 2116 5305 pra'senles

546 5334 795 5390 dolores,
827 5338 885 5382 ut
938 5331 1137 5383 exhinc
1200 5336 1541 5384 commodum
1605 5340 1659 5383 et
1706 5330 1934 5383 salutem
1982 5329 2124 5383 mul-

551 5435 659 5476 tam
702 5424 963 5487 lucretur,
1005 5422 1221 5477 insidiis
1268 5423 1467 5476 diaboli
1522 5424 1779 5489 repulsa,
1834 5422 1927 5474 Dei
1994 5437 2124 5475 vero

547 5530 679 5567 cura
716 5514 767 5566 in
790 5529 848 5567 se
876 5515 1106 5568 adducta
1142 5530 1155 5566 :
1182 5513 1435 5567 diabolus
1459 5515 1601 5567 enim
1627 5514 1916 5565 innumera
1943 5512 2124 5565 homi-

544 5608 704 5658 nibus
732 5607 956 5659 adversa
993 5606 1190 5677 ingerit
1216 5616 1274 5658 ιιι
1319 5619 1417 5659 eos
1471 5606 1525 5659 in
1568 5605 1830 5677 abyssum
1863 5606 2128 5673 perditio-

548 5694 632 5747 nis
670 5696 923 5759 deducat,
954 5697 1173 5764 quando
1204 5694 1420 5762 quidem
1475 5694 1622 5748 videt
1679 5696 1841 5748 lacile
1875 5695 2129 5762 blasphe-

550 5796 784 5839 mantcm
815 5801 939 5841 eum
974 5788 1065 5856 qui
1102 5787 1433 5842 adversitate
1467 5789 1696 5857 quadam
1722 5786 2120 5852 circumdatur,

2224 4594 2450 4656 ἑαυτοὺς
2490 4591 2879 4662 περιϐάλλουσι
2924 4592 3269 4660 συμφοραῖς
3321 4588 3604 4641 καὶτοῦτο
3660 4587 3791 4640 ἕκα-

2223 4702 2347 4747 στος
2399 4685 2554 4755 ἡμῶν
2604 4662 3094 4751 εὐαγγελιζόμενος
3141 4680 3215 4750 μὴ
3266 4679 3661 4751 βλασφημείτω
3702 4679 3795 4732 τὸν

2222 4779 2518 4845 εὐεργέτην
2551 4778 2644 4829 καὶ
2693 4778 2916 4846 σωτῆρα
2963 4775 3060 4827 καὶ
3105 4775 3383 4844 κηδεμόνα
3417 4775 3708 4842 γενόμενος
3736 4776 3795 4827 ὲν

2221 4870 2441 4947 δεινοῖς,
2473 4869 2560 4922 ἵνα
2614 4871 2689 4938 μὴ
2721 4873 2815 4923 τὸν
2856 4869 3018 4921 πόνον
3054 4868 3153 4937 μὲν
3186 4868 3392 4919 τούτων
3437 4867 3666 4936 ὐποστῇ,
3702 4868 3795 4920 τοῦ

2222 4963 2281 5016 δὲ
2312 4964 2371 5026 ἐξ
2402 4962 2568 5015 αὐτοῦ
2596 4962 2686 5016 διά
2722 4963 2820 5030 τῆς
2851 4960 3133 5030 ὑπομονῆς
3165 4959 3393 5027 κέρδους
3424 4960 3795 5031 ἀποστερηθῇ,

2225 5059 2323 5109 καὶ
2365 5057 2502 5125 πρὸς
2568 5054 2844 5125 βάραθρον
2874 5054 3069 5106 ἑαυτὸν
3115 5054 3214 5121 τῆς
3254 5055 3490 5121 ἐσχάτης
3528 5051 3799 5106 ἀπωλείας

2224 5149 2438 5219 ἀθὴσῃ,
2472 5150 2572 5217 τὴν
2624 5149 2721 5217 μὲν
2753 5147 2847 5200 τοῦ
2891 5145 3028 5199 Θεοῦ
3075 5147 3395 5214 συμμαχίαν
3454 5144 3799 5213 ἀποκρουσά-

2229 5256 2414 5309 μενος,
2468 5237 2829 5307 σφοδρότερον
2876 5236 2933 5288 δὲ
2984 5233 3106 5288 καθ’
3154 5233 3352 5286 ἑαυτοῦ
3406 5231 3498 5284 τὸν
3551 5231 3794 5284 διάϐολον

2227 5331 2608 5399 ἐργασάμενος
2633 5346 2647 5361 ⁸
2684 5330 2820 5383 ἀλλά
2864 5331 3043 5383 πάντα
3085 5328 3427 5398 εὐχαρίστως
3474 5326 3687 5395 φερέτω
3731 5322 3799 5377 τά

2229 5422 2466 5473 ἐνταῦθα
2501 5422 2821 5491 παθήματα,
2856 5422 2922 5475 ἵν’
2955 5419 3209 5474 ἐντεῦθεν
3251 5419 3524 5487 ὠφέλειαν
3565 5417 3657 5469 καὶ
3693 5433 3798 5469 σω-

2227 5514 2426 5583 τηρίαν
2458 5514 2659 5585 πολλὴν
2700 5515 2961 5587 κερδάνῃ,
2992 5514 3090 5577 τὰς
3125 5514 3223 5583 μὲν
3259 5511 3552 5574 ἐπιϐουλὰς
3584 5512 3677 5563 τοῦ
3709 5526 3803 5562 πο-

2230 5606 2399 5676 νηροῦ
2430 5607 2685 5676 δαίμονος
2736 5609 3245 5678 ἀποκρουσάμενος,
3278 5607 3377 5676 τὴν
3411 5607 3465 5658 δὲ
3509 5604 3603 5657 τοῦ
3648 5603 3800 5670 κηδε-

2233 5700 2395 5768 μόνος
2424 5700 2560 5753 Θεοῦ
2597 5702 2890 5769 θεραπείαν
2920 5701 3053 5768 πρὸς
3093 5702 3283 5752 ἑαυτὸν
3314 5696 3758 5765 ἐπισπασάμενος
3782 5707 3794 5719 ⁸

2232 5795 2259 5845 ό
2288 5795 2396 5863 γὰρ
2429 5794 2674 5857 διάϐολος
2702 5796 2790 5849 διὰ
2815 5795 2973 5848 τοῦτο
3001 5795 3173 5866 μυρία
3212 5796 3321 5856 τοῖς
3361 5790 3665 5862 ἀνθρώποις
3706 5789 3799 5838 ἐπα
