4074 6470
347 407 453 469 937

1741 408 2080 474 ETHICON
2121 411 2216 475 VI-

3515 410 3624 473 938

345 529 500 596 ἀγων
523 525 694 587 δεινὰ,
715 527 803 581 ἵνα
833 527 970 598 προς
1004 526 1280 599 βάραθρον
1296 526 1574 590 ἀπωλείας
1597 528 1799 593 αὐτοὺς
1831 547 1916 582 κα·

2037 536 2234 594 augete
2258 523 2525 592 doiorem,
2559 531 2614 578 et
2639 521 2900 593 majorem
2931 519 3131 587 reddit,
3195 530 3255 576 ut
3301 521 3396 577 ille
3426 523 3623 578 stimu—

342 617 585 691 ταγάγῃ,
635 621 764 673 ὅταν
793 620 894 690 μὲν
949 621 1034 692 ίδῃ
1091 620 1520 691 βλασφημοῦντα
1573 621 1774 691 ῥᾳδίως
1836 621 1928 674 τὸν

341 710 504 780 δεινῷ
538 729 647 764 τινι
675 715 1166 782 περιπεπτωκότα,
1202 713 1359 778 αὔξει
1387 715 1485 782 τὴν
1514 711 1805 782 ἀλγηδόνα,
1833 713 1931 766 καὶ

345 800 572 870 μείζονα
602 807 770 868 ποιεῖ,
817 805 904 858 ἵνα
936 805 1302 875 κεντούμενος
1352 807 1564 870 ἐκεῖνος
1616 805 1930 858 ἀποδυσπε-

340 893 488 967 τὴσῃ
513 897 678 948 πάλιν
703 912 716 926 ⁸
750 898 879 951 ὅταν
906 898 964 951 δὲ
997 900 1080 969 ῐδῃ
1105 901 1371 966 γενναίως
1401 899 1660 966 φέροντα,
1693 901 1786 953 καὶ
1816 898 1929 966 ὅσῳ

341 988 405 1040 τὺ
438 989 611 1051 πάθος
641 991 993 1058 ἐπιτείνεται,
1017 991 1241 1045 τοσοῦτο
1273 992 1476 1062 μᾶλλον
1497 991 1928 1063 εὐχαριστοῦντα

341 1085 580 1158 εδρεύων
611 1087 822 1142 λοιπόν.

417 1179 509 1248 ιη’.
550 1180 738 1233 Ἰκανά
773 1181 876 1249 μὲν
908 1175 1001 1234 οῦν
1036 1181 1106 1234 τὰ
1145 1181 1417 1252 εἰρημένα
1463 1186 1604 1252 πρὸς
1633 1184 1926 1254 παράκλη-

343 1289 431 1324 σιν
463 1274 744 1342 ὑπομονῆς
769 1287 783 1302 ⁸
814 1273 966 1338 ἀξιον
999 1273 1055 1326 δὲ
1086 1273 1296 1337 τούτοις
1348 1278 1668 1344 προσθεῖναι
1702 1277 1796 1330 καὶ
1829 1277 1929 1344 τὴν

341 1366 486 1417 κατὰ
532 1366 623 1417 τὸν
660 1366 824 1417 Δαείδ
871 1366 1138 1436 ἱστορίαν.
1171 1367 1240 1420 τὰ
1282 1369 1494 1436 μεγάλα
1544 1369 1928 1440 συμϐαλλομέ-

342 1472 442 1524 νην
471 1472 487 1487 ·
521 1457 749 1521 ἐξέπεσε
777 1458 884 1528 γάρ
915 1476 1045 1511 ποτε
1081 1461 1176 1511 καὶ
1205 1452 1358 1525 οὗτος
1392 1461 1492 1530 τῆς
1542 1462 1802 1531 πατρίδος
1832 1462 1927 1516 καὶ

341 1548 442 1618 τῆς
471 1550 672 1618 ἀρχῆς,
706 1552 800 1603 καὶ
831 1551 966 1620 περὶ
998 1551 1096 1619 τῆς
1131 1551 1447 1622 ἐλευθερίας
1493 1555 1586 1606 καὶ
1617 1556 1714 1623 τῆς
1745 1555 1926 1624 ψυχῆς

339 1641 508 1710 αὐτῆς
534 1641 898 1705 ἐκινδύνευσε,
928 1640 1023 1694 τοῦ
1072 1643 1191 1694 υἱοῦ
1227 1643 1396 1696 αὐτοῦ
1431 1642 1525 1696 τοῦ
1561 1644 1924 1714 Ἀὄεσσαλὼμ

2035 620 2182 676 latus
2207 618 2440 675 desistat
2473 632 2666 673 rursus
2699 632 2716 677 :
2751 630 2880 672 cum
2931 625 3113 669 autem
3153 615 3303 669 videt
3361 630 3624 684 generose

2037 712 2329 778 ferentem,
2363 722 2417 767 et
2453 727 2562 782 quo
2591 713 2763 782 magis
2789 710 2945 767 dolor
2987 711 3322 773 extenditur,
3349 725 3415 766 eo
3456 715 3626 780 magis

2035 807 2240 876 gratias
2264 815 2512 874 agentem
2541 805 2675 870 Deo,
2703 807 2811 860 cito
2836 804 3059 860 desistit
3093 806 3320 876 reliquis
3364 817 3624 877 tanquam

2036 897 2244 952 frustra
2272 909 2326 952 et
2352 897 2626 956 incassum
2665 899 2946 952 insistens.

1966 992 2043 1063 τῷ
2063 991 2205 1062 Θεῷ,
2227 991 2524 1060 ἀφίσταται
2541 991 2766 1058 εὐθέως,
2818 991 2895 1055 ὡς
2917 991 3043 1062 εἰκῆ
3110 993 3207 1046 καὶ
3255 992 3434 1064 μάτην
3479 1011 3625 1063 πσρ-

2116 1178 2204 1236 18.
2236 1179 2436 1235 Idonea
2479 1179 2699 1246 quidem
2741 1187 2867 1232 sunt
2897 1177 3040 1232 dicta
3087 1180 3154 1232 ad
3184 1177 3620 1232 exhortationem

2039 1274 2315 1340 patientia:
2359 1287 2375 1325 :
2421 1286 2601 1340 opera:
2651 1282 2834 1324 autem
2887 1269 3122 1339 pretium
3151 1279 3234 1344 est
3287 1270 3370 1324 his
3424 1271 3624 1325 addere

2037 1365 2260 1418 Davidis
2317 1363 2608 1419 historiam
2657 1366 2855 1432 magna
2887 1378 2949 1416 ex
2988 1371 3143 1432 parte
3184 1372 3571 1434 cmtgruentem
3604 1378 3619 1416 :

2035 1461 2238 1516 decidit
2275 1461 2419 1516 enim
2463 1460 2754 1529 aliquando
2795 1459 2899 1513 iete
2919 1472 2948 1512 a
2979 1459 3324 1536 pOSsessione
3355 1457 3544 1525 patria:
3567 1468 3622 1511 et

2037 1553 2272 1624 imperii,
2340 1563 2393 1607 et
2428 1567 2528 1622 pro
2565 1551 2817 1607 libertate
2847 1561 2902 1604 et
2949 1550 3133 1604 anima
3194 1550 3310 1617 ipsa
3359 1550 3470 1604 lilio
3523 1565 3622 1604 sun

2032 1645 2291 1701 Absalom
2336 1645 2388 1698 in
2434 1659 2494 1699 se
2523 1645 2880 1714 insurgente;
2925 1649 2981 1697 et
3017 1643 3261 1712 exercitu
3291 1656 3414 1694 cum
3463 1642 3623 1694 indo-

339 1739 846 1801 κατεξαναστάντος
877 1738 1075 1792 αὐτοῦ·
1113 1739 1206 1792 καὶ
1241 1739 1336 1792 τοῦ
1387 1741 1757 1809 στρατοπέδου
1784 1741 1916 1810 πρὸς

2032 1739 2170 1792 mito
2203 1737 2309 1793 isto
2339 1737 2562 1804 juvene,
2612 1745 2851 1807 tyranno
2896 1745 2952 1790 et
3008 1735 3282 1805 parricida
3326 1733 3621 1790 instructo.

336 1829 433 1882 τὸν
462 1829 767 1881 ἀκόλαστον
795 1829 1102 1893 νεανίσκον,
1136 1830 1228 1882 τὸν
1274 1830 1540 1900 τύραννον
1582 1832 1794 1884 ἐκεῖνον
1828 1834 1921 1887 καὶ

338 1923 699 1992 πατραλοίαν,
723 1921 1194 1991 μεταταξαμένου,
1224 1922 1498 1975 ἐπλανᾶτο
1520 1922 1661 1976 κατά
1678 1926 1776 1994 τὴν
1793 1923 1920 1994 ἔρη-

341 2029 465 2084 μον,
496 2018 591 2064 καὶ
624 2013 724 2064 οὐκ
760 2013 1144 2081 ἐδυσχέρανεν,
1177 2014 1296 2066 οῦδὲ
1328 2015 1750 2085 ἀπεδυσπέτησε
1781 2015 1919 2085 πρὸς

337 2103 432 2157 τὸν
470 2104 625 2167 Θεὸν,
655 2103 778 2155 οῦδέ
823 2099 968 2166 εἷπε,
1008 2103 1073 2155 Τί
1124 2120 1253 2157 ποτε
1286 2104 1446 2157 τοῦτό
1499 2107 1688 2172 ἐστιν;
1726 2107 1754 2159 ὀ
1787 2108 1919 2171 Θεὸς

342 2196 695 2268 συνεχώρησε
723 2197 800 2265 τῷ
833 2197 987 2249 παιδὶ
1012 2197 1186 2251 ταῦτα
1221 2198 1363 2251 κατὰ.
1392 2197 1488 2251 τοῦ
1523 2201 1919 2269 γεγεννηκότος

336 2291 720 2360 ἐργάσασθαι,
780 2293 973 2344 Καίτοι
1017 2290 1112 2343 καὶ
1157 2293 1206 2344 εί
1254 2291 1438 2344 δίκαια
1475 2293 1732 2359 ἐγκαλεῖν
1773 2286 1919 2363 εἶχεν

334 2389 363 2440 ὀ
393 2384 529 2450 υἱὸς,
559 2384 683 2437 οὐδὲ
723 2383 868 2436 οὔτω
913 2382 1082 2436 ταῦτα
1123 2385 1382 2452 γενέσθαι
1423 2385 1553 2439 ἔδει.
1593 2382 1730 2440 Νυνὶ
1770 2385 1826 2438 δὲ
1857 2387 1917 2438 οὐ

340 2476 563 2547 μικρὸν,
596 2475 659 2528 οὗ
688 2475 854 2544 μέγα,
898 2474 1031 2546 παρ’
1062 2475 1217 2544 ἡμῶν
1245 2476 1576 2544 ἠδικημένος
1623 2476 1919 2546 περιέρχε·

336 2587 453 2633 ται,
479 2568 578 2632 τὴν
607 2568 794 2634 δεξιὰν
827 2567 1116 2637 ἐπιθυμῶν
1148 2567 1344 2637 αἵματι
1379 2563 1608 2636 μολῦναι
1637 2567 1916 2638 πατρικῷ,

333 2661 435 2715 τοῦ
460 2661 598 2714 Θεοῦ
635 2661 705 2713 τά
736 2661 1002 2730 γινόμενα
1047 2661 1181 2732 ὁρᾷν
1215 2661 1585 2731 ἀνεχομένου;
1623 2661 1740 2712 ἀλλ’
1764 2659 1920 2714 οῦόἐν

333 2753 543 2806 τούτων
573 2747 696 2805 εἷπε
722 2768 737 2782 ο
793 2752 888 2804 καὶ
921 2749 984 2804 τδ
1012 2751 1074 2820 δὴ
1109 2752 1297 2818 μεῖζον
1335 2751 1431 2803 καὶ
1454 2750 1792 2820 θαυμαστὸν,
1835 2755 1917 2806 ὅτι

333 2845 684 2915 πλανωμένῳ
715 2844 810 2898 καὶ
845 2846 1067 2897 πάντων
1099 2843 1487 2897 ἐκπεπτωκότι
1515 2844 1592 2912 τῷ
1625 2844 1918 2916 Θαυμασίῳ

334 2938 521 3002 Δαῦὶδ,
572 2936 767 3006 Σεμεεί
816 2954 897 2998 τις
938 2935 1226 3006 ἄνθρωπος
1278 2934 1372 2988 καὶ
1421 2936 1620 3006 μιαρὸς
1666 2937 1914 3000 ἐπέθετο,

343 3031 634 3101 μιαιφόνον
661 3029 960 3083 ἀποκαλῶν
983 3030 1074 3081 καὶ
1101 3027 1296 3097 ἀσεϐῆ,
1325 3028 1421 3081 καὶ
1446 3029 1514 3082 τὰ
1542 3027 1721 3100 μυρία
1747 3028 1913 3081 κακά’

2027 1833 2249 1884 errabat
2313 1845 2411 1899 per
2438 1829 2738 1892 desertum,
2798 1842 2909 1882 non
2966 1842 3112 1897 aegre
3156 1827 3611 1894 ferebat,ue.1ue

2026 1921 2342 1991 indignatus
2385 1927 2464 1974 est
2507 1920 2561 1974 in
2595 1918 2789 1983 Deum,
2824 1934 2925 1973 nec
2960 1918 3096 1972 dixit
3133 1915 3289 1972 :Cur
3323 1918 3490 1988 igitur
3517 1919 3620 1970 hoc

2025 2013 2124 2067 iit?
2151 2011 2292 2068 Deus
2321 2011 2591 2067 concessit
2622 2010 2730 2065 tilio
2759 2012 2872 2064 hau:
2898 2009 3158 2064 adversus
3190 2018 3396 2079 patrem
3422 2009 3622 2080 agere?

2021 2102 2182 2157 Certe
2204 2103 2306 2157 etsi
2335 2103 2478 2172 justa
2540 2102 2798 2155 invocare
2852 2099 3137 2156 habuisset
3190 2101 3354 2162 ﬁlius,
3389 2117 3493 2154 non
3545 2102 3616 2154 ita

2027 2195 2142 2250 haec
2204 2194 2316 2248 ﬁeri
2373 2192 2667 2248 debebant.
2727 2191 2882 2245 Nunc
2933 2203 3110 2245 autem
3163 2207 3341 2246 nonne
3371 2207 3616 2261 parvam,

2024 2301 2130 2339 non
2163 2299 2440 2354 magnam,
2495 2297 2526 2337 a
2583 2283 2743 2338 nobis
2808 2283 3136 2351 injustitiam
3187 2298 3380 2349 passus
3422 2284 3620 2338 circuit

2026 2376 2308 2431 dexteram
2341 2377 2566 2446 cupiens
2599 2375 2864 2444 sanguine
2899 2383 3124 2441 paterno
3157 2374 3460 2442 inquinare,
3509 2374 3620 2427 Dm

2031 2471 2364 2538 impediente
2395 2485 2464 2523 ne
2497 2470 2679 2524 videat
2728 2483 2848 2538 qua:
2887 2466 3063 2522 fiunt?
3107 2467 3214 2524 Sed
3248 2469 3387 2522 nihil
3427 2482 3491 2523 ex
3534 2469 3618 2523 his

2023 2562 2162 2616 dixit
2198 2578 2214 2615 :
2249 2571 2303 2616 et
2332 2561 2477 2628 quod
2528 2561 2705 2632 majus
2733 2569 2814 2614 est
2845 2565 2902 2612 et
2942 2557 3215 2620 mirabile,
3279 2558 3614 2612 inerrantem

2023 2665 2072 2712 et
2102 2655 2355 2711 omnibus
2389 2653 2705 2709 destitutum
2741 2651 3116 2707 admirabilem
3142 2651 3396 2705 Davidem
3432 2650 3615 2706 Semoi

2023 2748 2244 2817 quidam
2299 2747 2462 2800 homo
2493 2744 2760 2802 scelestus
2814 2744 2997 2799 illatus
3022 2753 3106 2798 est
3144 2743 3475 2798 homicidam
3517 2759 3613 2797 vn-

1969 2843 1981 2855 '
2022 2856 2155 2896 rans
2187 2853 2238 2896 et
2274 2839 2524 2908 impium,
2576 2848 2632 2893 et
2678 2837 2848 2892 millia
2883 2851 3164 2906 perversa.
3222 2835 3394 2891 Porro
3435 2851 3614 2905 neque

2023 2945 2211 3002 postea
2263 2933 2438 2986 iratus
2479 2939 2604 2997 est;
2655 2929 2750 2984 sed
2781 2939 2838 2984 et
2883 2929 3017 2983 duce
3047 2929 3323 2984 exercitus
3351 2929 3615 2997 epinante

2022 3024 2138 3081 fore
2173 3035 2230 3079 ut
2284 3031 2698 3080 converteretur
2754 3022 2822 3077 ad
2872 3019 3287 3092 perforandum,
3345 3034 3402 3077 et
3451 3035 3614 3092 caput

333 3126 432 3179 καὶ
465 3123 587 3177 οὐδὲ
616 3121 792 3184 οὕτως
822 3122 1086 3192 ἠγρίαινεν
1110 3137 1125 3151 ·
1159 3119 1296 3174 ἀλλὰ
1339 3120 1434 3173 καὶ
1461 3120 1556 3173 τοῦ
1600 3121 1914 3190 στρατηγοῦ

2021 3120 2138 3187 ejus
2168 3117 2626 3177 ahscindendmn,
2664 3130 2773 3169 non
2814 3115 2974 3168 modo
3025 3129 3130 3168 non
3177 3115 3459 3179 incitavit,
3516 3120 3608 3169 sed

332 3216 613 3284 ἀξιοῦντος
660 3217 1036 3284 ἐπιτραπῆναι
1082 3213 1360 3284 διαϐῆναι,
1394 3214 1491 3266 καὶ
1539 3213 1638 3284 τὴν
1669 3213 1914 3284 κεφαλὴν

329 3312 632 3380 ἀποτεμεῖν
684 3308 921 3370 ἐκείνου,
957 3309 1018 3360 οὐ
1060 3307 1220 3377 μόνον
1264 3308 1362 3360 οὐκ
1415 3307 1740 3379 ἐπέτρεψεν,
1777 3307 1915 3362 ἀλλὰ

331 3403 430 3456 καὶ
461 3401 789 3470 ἐδυσχέρανε
811 3400 988 3469 λέγων
1009 3416 1023 3430 ο
1049 3401 1115 3452 Τί
1137 3400 1260 3470 ἐμοὶ
1285 3401 1376 3454 καὶ
1401 3404 1503 3466 σοὶ,
1536 3401 1620 3455 υίέ
1639 3403 1874 3474 Σαρουϊα
1896 3421 1910 3470 ;

333 3492 538 3561 ’Ἄφετε
564 3491 726 3545 αὑτὸν
745 3489 1112 3561 καταρᾶσθαι,
1149 3492 1300 3554 ὅπως
1335 3492 1420 3564 ῐδῃ
1448 3493 1548 3565 τὴν
1581 3495 1914 3548 ταπείνωσιν

331 3605 440 3657 μου
475 3587 700 3656 Κύριος,
735 3585 831 3636 καὶ
877 3583 1234 3656 ἀνταποδώσῃ
1287 3601 1380 3653 μοι
1430 3585 1612 3655 ἀγαθὰ
1644 3587 1767 3640 ἀντὶ
1812 3589 1915 3655 τῆς

329 3677 583 3747 κατάρας
635 3676 824 3730 αὑτοῦ.
869 3675 1034 3748 Ὀρᾷς
1066 3677 1218 3739 ὅπως
1259 3672 1401 3729 οἶδεν
1428 3677 1455 3729 ὁ
1484 3677 1712 3746 δίκαιος,
1744 3680 1913 3733 ὅτιτὸ

329 3775 524 3844 φέρειν
557 3772 824 3840 γενναίως
850 3769 948 3833 τάς
966 3771 1269 3847 λοιδορίας,
1295 3772 1521 3840 ἀφορμὴ
1552 3773 1798 3834 πλείονος
1826 3773 1914 3825 εὐ-

327 3866 674 3936 δοκιμήσεως
726 3865 976 3933 γίνεταις
1013 3865 1122 3918 Καὶ
1150 3863 1258 3934 γὰρ
1289 3863 1460 3927 οὕτως
1491 3865 1604 3934 ἔχει
1632 3881 1648 3898 ο
1689 3865 1911 3918 ἐπειδὰν

325 3959 735 4032 λοιδορηθέντες
760 3960 855 4013 καὶ
893 3960 1063 4029 μυρία
1099 3958 1366 4020 παθόντες
1413 3957 1584 4023 δεινά,
1611 3959 1738 4021 τοὺς
1768 3959 1911 4010 ὀνεις

326 4050 581 4112 δίζοντας
604 4050 862 4119 φέρωμεν
892 4049 1179 4118 γενναίως,
1213 4048 1440 4117 μείζονα
1471 4049 1623 4118 παρά
1653 4048 1748 4103 τοῦ
1770 4048 1910 4102 Θεοῦ

326 4143 432 4212 τὴν
460 4140 678 4195 εὔνοιαν
715 4140 1100 4212 ἐπισπώμεοα.
1153 4141 1322 4195 Ταῦτ’
1354 4140 1447 4194 οὖν
1496 4142 1741 4207 ἅπαντες
1771 4144 1911 4196 εἰδό-

323 4253 442 4300 τες,
479 4235 624 4289 κατά
653 4237 780 4297 τοὺς
811 4235 1167 4304 εὐγνώμονας
1198 4235 1370 4299 υἱοὺς,
1400 4233 1451 4287 οἶ
1495 4235 1604 4287 τῶν
1648 4238 1911 4307 πατέρων

323 4329 593 4392 τωλλὰκις
621 4329 742 4382 οὐδὲ
799 4327 1028 4390 δεόντως
1063 4324 1407 4390 κολαζόντων
1461 4326 1662 4390 αὐτοὺς
1705 4328 1912 4399 ὑπομέ-

323 4439 537 4485 νουσιν,
576 4419 905 4490 ἀνεχώμεθα
931 4418 1028 4472 τοῦ
1061 4419 1197 4472 Θεοῦ
1235 4416 1588 4482 παιδεύοντος
1611 4419 1784 4488 ἡμᾶς,
1816 4421 1909 4473 τοῦ

323 4516 422 4567 καὶ
475 4515 728 4583 πατέρων
787 4512 985 4581 μᾶλλον
1039 4513 1192 4580 ἡμᾶς
1238 4511 1547 4580 φιλοῦντος,
1603 4512 1695 4564 καὶ
1732 4513 1909 4565 πάντα

322 4609 462 4674 προς
502 4606 562 4659 τδ
616 4605 901 4674 συμφέρον
954 4605 1521 4674 πραγματευομένου,
1552 4603 1640 4656 ἵνα
1688 4604 1787 4671 τὴν
1814 4603 1909 4656 τοῦ

335 4699 484 4761 Ἰὼϐ,
531 4699 629 4752 καὶ
674 4697 769 4751 τοῦ
802 4695 990 4763 Δαὸὶδ,
1028 4698 1124 4750 καὶ
1170 4697 1276 4750 τῶν
1331 4699 1448 4750 ὅσοι
1505 4695 1630 4751 κατ’
1665 4698 1910 4760 ἐκείνους

321 4793 554 4862 ἀνδρίαν
594 4795 688 4844 καὶ
725 4792 1032 4844 ἐπιείκειαν
1061 4793 1155 4843 καὶ
1187 4791 1469 4862 ὑπομονὴν
1508 4789 1906 4858 ἐνδειξέιμενοι,

315 4884 644 4956 δυ-ιηῢῶμεν
695 4884 948 4938 ἐντεῦθεν
996 4885 1183 4947 αὐτοῖς
1233 4883 1594 4952 κοινωνῆσαι,
1646 4885 1739 4936 καὶ
1799 4881 1908 4934 τῶν

313 4980 559 5030 αἰωνίων
593 4977 686 5029 καὶ
739 4976 1026 5046 μακαρίων
1060 4976 1276 5046 σκηνῶν
1299 4991 1313 5006 ο
1343 4973 1403 5027 οὗ
1451 4975 1661 5043 γένοιτο
1691 4973 1904 5036 πάντας

316 5071 471 5140 ἡμᾶς
513 5072 792 5139 ἐπιτυχεῖν
850 5072 1035 5139 χάριτι
1089 5070 1185 5120 καὶ
1241 5067 1625 5138 φιλανθρωπίᾳ
1654 5065 1751 5118 τοῦ
1787 5067 1903 5119 Κυ-

2017 3225 2159 3278 aegre
2184 3209 2302 3263 tulit
2337 3207 2528 3263 dicens
2563 3223 2580 3262 :
2614 3204 2756 3273 Quid
2800 3205 2893 3260 tibi
2945 3214 3001 3261 et
3058 3205 3213 3271 mihi,
3271 3207 3342 3262 iili
3383 3203 3610 3263 Sarvia?

2020 3303 2182 3359 sinite
2239 3302 2391 3357 illum
2463 3300 2808 3363 maledicere,
2868 3307 2931 3353 ut
2998 3298 3181 3353 videat
3245 3300 3607 3355 humilitatem

2019 3411 2192 3451 meam
2234 3395 2497 3449 Dominus
2543 3404 2598 3448 et
2625 3394 2822 3448 reddat
2853 3393 2984 3446 mihi
3029 3393 3169 3448 bona
3197 3407 3294 3462 pro
3320 3394 3464 3448 illius
3490 3411 3609 3448 tua-

2018 3488 2326 3543 ledictione.
2361 3486 2598 3544 Videsne
2653 3487 2928 3558 quomodo
2984 3487 3121 3542 sciat
3161 3487 3338 3555 justus
3381 3486 3610 3552 injurias

2017 3596 2280 3648 generose
2331 3582 2473 3638 ferre
2509 3581 2715 3636 aditum
2756 3595 2879 3637 esse
2929 3579 2995 3634 ad
3043 3579 3303 3651 majorem
3339 3580 3610 3650 gloriam?

2017 3674 2229 3728 Etenim
2261 3675 2333 3728 ita
2372 3688 2431 3728 se
2463 3688 2551 3729 res
2581 3673 2767 3728 habet.
2819 3672 3118 3742 Postquam
3152 3672 3406 3741 injuriam
3459 3673 3606 3740 passi

2019 3779 2070 3821 ct
2101 3766 2388 3821 innumera
2421 3766 2634 3835 experti
2665 3764 2895 3820 adversa
2938 3777 3204 3834 generose
3237 3762 3477 3816 feramus
3508 3764 3610 3816 im-

2015 3859 2268 3930 properia
2298 3857 2582 3921 iacientes.
2622 3857 2882 3927 majorem
2937 3872 2967 3910 a
3005 3856 3113 3910 Deo
3167 3855 3603 3909 benevolentiam

2015 3954 2173 4009 nobis
2208 3953 2553 4008 attrahimus.
2589 3949 2715 4006 Haec
2756 3951 2920 4022 igitur
2944 3963 3139 4004 omnes
3171 3948 3430 4012 scientes,
3452 3945 3606 4011 iux'a

2019 4051 2310 4118 prudentes
2346 4043 2508 4110 ﬁlios,
2561 4046 2679 4116 qui,
2709 4043 2959 4114 patribus
3017 4055 3158 4110 saepe
3188 4055 3254 4094 ne
3302 4048 3605 4108 opportune

2015 4137 2234 4209 quidem
2263 4135 2681 4206 castigantibus,
2738 4148 2835 4189 eos
2884 4133 3187 4202 patiuntur,
3221 4129 3598 4184 sustineamus

2017 4229 2185 4285 Deum
2216 4229 2584 4299 corrigentem
2625 4241 2753 4292 nos,
2783 4227 2956 4294 magis
2989 4238 3152 4291 quant
3187 4233 3371 4291 patres
3395 4236 3493 4275 nos
3515 4222 3604 4273 til-

2015 4323 2294 4394 ligentem,
2342 4329 2397 4376 et
2425 4320 2607 4375 omnia
2642 4319 2708 4373 ad
2736 4317 3028 4373 utititatem
3089 4314 3469 4384 disponentem
3537 4322 3601 4366 ut

2013 4417 2156 4482 Jubi,
2190 4415 2406 4470 Davidis
2428 4423 2483 4468 et
2502 4413 2744 4468 Omnium
2791 4413 2902 4482 qui,
2940 4409 3130 4473 utisli,
3185 4406 3592 4469 fortitudinem,

2017 4510 2338 4566 medeatiam
2365 4515 2418 4562 et
2451 4506 2769 4577 patientiam
2794 4505 3171 4568 ostenderunt,
3215 4501 3415 4556 exhinc
3467 4516 3598 4570 pos-

2010 4605 2184 4658 simus
2219 4617 2342 4656 cum
2377 4600 2509 4670 ipsis
2577 4608 2906 4654 aeternorum
2947 4606 3005 4651 et
3059 4598 3344 4651 beatorum
3371 4609 3602 4650 consor-

2011 4704 2090 4748 tes
2115 4707 2234 4747 esse
2263 4691 2760 4754 tabernaculorum,
2797 4689 2943 4758 quod
2975 4687 3196 4741 eveniat
3252 4700 3350 4739 nos
3409 4699 3602 4738 omnes

2008 4787 2326 4856 contingere
2375 4785 2553 4855 gratia
2587 4793 2646 4838 et
2695 4783 2938 4837 bonitate
2973 4779 3190 4833 Domini
3241 4777 3413 4832 nostri
3470 4776 3598 4830 Jesu

2008 4879 2212 4936 Christi
2246 4893 2344 4948 per
2371 4893 2533 4948 quem
2575 4885 2629 4930 ct
2652 4890 2888 4947 quocum
2921 4874 2991 4928 sit
3014 4871 3163 4926 Patri
3216 4869 3412 4939 gloria,
3436 4867 3599 4923 simul

2014 4987 2138 5026 cum
2159 4970 2507 5026 sanctissimo
2539 4967 2744 5036 Spiritu
2777 4981 2918 5021 nunc
2943 4975 3001 5021 et
3035 4977 3271 5033 semper,
3318 4971 3374 5016 et
3402 4961 3454 5015 in
3488 4975 3598 5014 sae-

2013 5065 2134 5118 cuia
2195 5062 2540 5117 smculornm.
2581 5063 2777 5114 Amen.

317 5166 443 5232 ρίου
498 5166 656 5232 ἡμῶν
709 5166 883 5234 Ἰησοῦ
937 5165 1198 5233 Χριστοῦ,
1253 5161 1322 5216 δι’
1364 5156 1426 5214 οὗ
1473 5163 1569 5214 καὶ
1603 5157 1724 5232 μεθ’
1754 5158 1814 5213 οῦ
1849 5157 1928 5229 τῷ
1969 5157 2146 5227 Πατρὶ
2177 5157 2210 5228 ἡ
2247 5155 2397 5224 δόξα,
2431 5156 2546 5227 ἅμα
2581 5153 2660 5226 τῷ
2691 5151 2946 5222 παναγίῳ
2976 5148 3274 5220 Πνεῦματι,
3329 5143 3424 5197 νῦν
3495 5157 3593 5214 και

317 5261 410 5314 ἀεὶ
439 5263 555 5326 καὶ,
585 5261 665 5322 είς
700 5263 824 5322 τοὺς
862 5261 1067 5322 αἰῶνας
1099 5262 1206 5312 τῶν
1237 5257 1481 5313 αἰώνων.
1535 5255 1729 5325 Ἀμήν.

647 5893 916 5954 ΡΑτιιοι..
953 5892 1043 5953 Gn
1119 5888 1387 5954 CXLlX.

1907 5267 1920 5283 ἐ

3040 5872 3120 5934 εο
