4074 6480
346 435 447 509 941

1741 443 2088 510 ΕΤΗΠῙΟΝ
2120 440 2261 505 ιἰι.

3531 444 3641 516 Μ

354 562 538 618 αὐτῶν
558 578 577 597 ⁸
607 563 729 618 οὐδὲ
763 563 873 637 γὰρ
904 564 972 620 ἂν
1000 565 1152 635 εὖροι
1182 582 1267 630 τις
1300 562 1479 622 οἰκίαν
1513 560 1791 636 ίδιωτικὴν
1820 582 1947 635 τοο-τ

2051 559 2219 614 etiam
2250 570 2441 630 regum
2472 556 2740 630 ipsorum.
2795 558 2932 615 Nam
2955 574 3053 615 nec
3086 558 3377 631 quisquam
3410 559 3643 618 domum

352 655 528 712 ούτων
562 658 1030 730 ἐμπεπλησμένην
1062 659 1396 732 συμφορῶν,
1428 660 1554 713 ὅσον
1587 658 1658 712 τὰ
1691 658 1941 729 βασίλεια

352 745 515 818 γέμει
558 749 769 803 κακῶν.
802 751 875 804 “ﬂ
920 753 1030 823 γὰρ
1073 754 1135 805 οὐ
1180 754 1412 823 νοοῦμεν
1456 753 1518 805 τὸ
1560 755 1658 823 τῆς
1703 752 1941 806 ἐνταῦθα

352 838 521 909 τιμῆς
552 843 649 919 καὶ
677 844 779 913 τῆς
811 844 971 914 δόξης
1003 847 1376 917 εὐμάραντον,
1410 847 1503 899 καὶ
1534 846 1658 900 ὅσον
1688 846 1941 900 ἐντεῦθεν

353 930 598 986 τίκτεται
631 934 690 986 τδ
726 943 931 1003 κακόν;
966 942 1062 993 καὶ
1094 941 1154 993 τὸ
1187 941 1253 1010 δὴ
1290 941 1417 1010 χαλε
1430 941 1676 995 πὼτατον
1708 942 1940 1004 τούτων,

353 1023 435 1075 ὅτι
459 1026 523 1077 τὰ
558 1025 655 1096 μὲν
680 1026 738 1091 ἐξ
766 1030 945 1082 afuerim
970 1031 1117 1085 κακὰ
1143 1032 1395 1105 ἀθάναται
1419 1032 1603 1104 μένει,
1634 1035 1666 1104 ἡ
1692 1031 1750 1087 δὲ
1778 1034 1942 1105 ἡδονὴ

353 1112 509 1169 οὔπω
537 1118 732 1189 ἐφάνη,
766 1123 862 1174 καὶ
894 1124 1141 1197 ἀπέπτη.
1384 1102 1395 1113 Ι

427 1345 494 1408 γ’.
537 1343 742 1396 Λοιπὸν
772 1345 866 1398 οὖν
894 1346 1356 1419 διακρουσώμεθα
1387 1351 1549 1417 δόξαν
1568 1393 1582 1417 ,
1619 1354 1705 1408 ἵνα
1740 1356 1946 1425 μᾶλλον

348 1433 611 1513 λάϐωμεν
641 1436 820 1501 δόξαν.
854 1440 915 1493 Εἰ
942 1442 1001 1494 δὲ
1028 1442 1299 1512 διώκομεν
1327 1445 1519 1511 δόξαν,
1554 1448 1943 1519 ὲκπεσούμεοα

354 1525 535 1595 δόξηςι
566 1529 661 1589 Τίς
686 1530 743 1582 δὲ
774 1531 900 1584 νοῦν
927 1532 1065 1602 ἔχων
1099 1535 1224 1587 ἰδὼν
1251 1538 1552 1609 ὲξωγραφη
1564 1542 1724 1608 μένον
1753 1543 1941 1610 ἄρτον,

353 1616 459 1669 κᾶν
507 1621 767 1688 μυριάκις
817 1624 922 1676 ὑπὸ
972 1626 1136 1694 λιμοῦ
1185 1630 1525 1698 κατέχηται,
1574 1633 1674 1701 τῆς
1721 1634 1946 1702 γραφῆς

354 1707 584 1776 ﬁderat;
612 1712 716 1763 ’ίὸν
739 1714 905 1767 αὐτὸν
931 1712 1024 1768 οὖν
1046 1720 1247 1785 τρόπον
1275 1726 1370 1773 καὶ
1398 1722 1561 1790 ἡμεῖς
1589 1723 1750 1793 δόξης
1777 1726 1946 1793 ἐρῶν-

352 1816 468 1862 τες,
513 1801 589 1870 μὴ
628 1806 730 1874 τὴν
768 1807 871 1875 τῆς
911 1808 1071 1877 δόξης
1117 1811 1300 1875 σκιὰν,
1343 1813 1568 1885 τοιαύτη
1611 1816 1720 1887 γὰρ
1764 1818 1795 1886 ἠ
1843 1837 1946 1871 παι

2048 653 2318 722 privatam
2353 652 2521 706 ullam
2551 662 2630 707 tot
2673 652 3081 710 calamitatibus
3138 654 3457 724 implicitum
3490 671 3646 711 como

2045 745 2243 815 periet,
2272 753 2409 814 quot
2440 748 2587 817 regia
2621 746 2824 815 palatia
2893 746 3048 801 malis
3084 744 3419 802 redundant.
3445 748 3643 805 Nonne

2049 854 2177 893 vero
2233 836 2596 909 intelligimus
2657 837 2947 908 pra-mntis
2977 838 3206 894 honoris
3234 850 3289 893 et
3321 839 3507 911 gloria:
3527 839 3642 895 fra-

2045 930 2336 999 gilitatem,
2388 941 2444 985 et
2502 944 2769 1002 quantum
2832 931 2958 985 inde
3015 934 3311 1001 genere'tur
3334 930 3649 989 malorum?

2047 1022 2613 1093 Quodque.omnium
2680 1025 3071 1096 gravissimum
3134 1038 3240 1092 est,
3295 1040 3453 1097 parta
3511 1028 3645 1083 hinc

2051 1116 2195 1170 mala
2259 1116 2594 1171 immortalia
2637 1130 2788 1183 sunt,
2843 1128 2898 1172 at
2943 1120 3205 1189 .volumas
3272 1122 3360 1174 vix
3424 1130 3646 1177 ostensa

2048 1209 2248 1261 avolat.

2119 1349 2173 1402 5.
2236 1350 2536 1419 Reliquum
2580 1364 2712 1419 ergo
2741 1359 2908 1403 estut
2940 1351 3168 1420 gloriam
3206 1364 3549 1416 recusemus,
3585 1359 3644 1404 ut

2048 1442 2128 1496 Sit‘
2185 1443 2366 1511 potius
2422 1443 2651 1513 gloriam
2700 1443 3112 1497 nanciseamur.
3142 1442 3302 1509 Quod
3333 1443 3378 1497 si
3410 1443 3645 1513 gloriam

2049 1544 2346 1598 sectamur,
2380 1536 2553 1605 gloria
2582 1535 2921 1590 excidemus.
2968 1537 3105 1600 Quis
3142 1537 3426 1595 cordatus,
3449 1552 3647 1604 panem

2052 1628 2261 1695 pictum
2325 1630 2543 1693 videns,
2601 1631 2817 1685 etiamsi
2860 1632 3174 1685 sexcenties
3204 1632 3346 1684 fame
3375 1631 3648 1700 corripia-

2053 1728 2162 1779 tur,
2201 1720 2470 1788 picturam
2504 1724 2746 1792 gustabit
2773 1726 2793 1776 γ
2850 1722 2975 1776 Pari
3017 1722 3186 1778 modo
3216 1737 3318 1777 nos
3347 1737 3570 1793 quoque
3599 1723 3648 1777 si

2050 1810 2239 1879 gloria:
2302 1828 2492 1868 amore
2548 1815 2936 1876 stimulantur,
3001 1830 3069 1868 ne
3112 1815 3302 1884 gloria:
3353 1816 3648 1878 umbraut,

358 1890 532 1959 ροῦσα
582 1894 744 1960 δόξα,
797 1899 913 1951 ἀλλ’
944 1901 1115 1973 αὐτὴν
1163 1906 1263 1975 τὴν
1310 1906 1582 1977 ἀλήθειαν
1620 1911 1716 1981 ὅλῃ
1766 1910 1945 1982 ψυχῆς

2051 1903 2360 1973 cuiusmodi
2392 1917 2477 1962 est
2517 1922 2761 1976 praesens
2786 1908 2957 1976 gloria
2980 1949 2995 1972 ,
3029 1908 3124 1962 sed
3155 1908 3444 1963 veritatem
3469 1908 3646 1976 ipsam

356 1983 617 2052 προΟέσει
651 1987 926 2055 ζητῶμεν.
965 1994 1075 2047 Καὶ
1103 1998 1202 2059 τὰς
1238 1999 1414 2068 ἀρχὰς
1445 2001 1501 2054 δὲ
1534 2002 1627 2055 καὶ
1654 2004 1906 2071 ἐξουσίας
1927 2046 1942 2071 ,

356 2079 451 2129 καὶ
484 2079 543 2131 τὸ
580 2082 792 2147 μεγάλα
826 2084 1088 2140 δύνασθαι
1124 2092 1267 2144 κατὰ
1302 2094 1541 2163 κόσμον,
1577 2096 1723 2151 ὥστε
1758 2102 1949 2172 φέρειν

358 2171 577 2224 ἅπαντα
608 2174 700 2225 καὶ
732 2176 885 2242 ἄγειν
912 2179 1047 2232 ὅπου
1079 2182 1406 2253 βουλόμεθα,
1437 2189 1532 2242 καὶ
1559 2190 1686 2252 τοὺς
1717 2193 1948 2265 ἐχθροὺς

358 2261 587 2327 λυπεῖν,
638 2264 732 2321 καὶ
778 2270 903 2333 τοὺς
956 2274 1351 2342 κολακεύοντας
1404 2282 1754 2353 εὐεργετεῖν,
1799 2291 1949 2360 φυγῇ

358 2356 561 2421 πάντες
604 2360 936 2431 φεύγωμεν
973 2366 1031 2419 ἓν
1072 2369 1135 2438 δὴ
1176 2370 1335 2425 τοῦτο
1382 2376 1718 2443 σκοποῦντες
1762 2382 1948 2449 μόνον,

360 2448 512 2511 ὅπως
563 2452 629 2504 ἂν
679 2447 830 2521 ὦμεν
878 2458 935 2510 ἐν
983 2462 1152 2533 ἀρετῇ
1205 2466 1299 2517 καὶ
1351 2468 1681 2541 φιλοσοφίᾳ·
1735 2473 1791 2525 αί
1839 2478 1951 2544 γὰρ

359 2538 602 2622 ἐξουσίαι
633 2546 724 2596 καὶ
752 2549 810 2599 αἱ
838 2551 1004 2619 ἀρχαὶ
1034 2553 1208 2608 πολλὰ
1234 2556 1342 2609 τῶν
1368 2560 1443 2628 τῷ
1477 2560 1598 2631 Θεῷ
1628 2565 1703 2633 μὴ
1730 2563 1951 2619 δοκούν-

357 2647 468 2682 των
504 2633 754 2688 πείθουσι
798 2645 1008 2692 ποιεῖν·
1047 2645 1141 2696 καὶ
1184 2649 1390 2717 σφόδρα
1433 2655 1689 2721 νεανικῆς
1727 2655 1809 2707 δεῖ
1848 2657 1951 2726 ψυ-

358 2720 484 2787 χῆς,
517 2722 658 2775 ὥστε
698 2727 778 2786 είς
816 2726 936 2781 δέον
973 2734 1282 2801 χρήσασθαι
1313 2740 1379 2806 τῇ
1421 2739 1687 2817 δεδομένῃ
1728 2720 1952 2818 ἐξουσίᾳ

356 2822 417 2907 τε
451 2817 545 2866 καὶ
579 2817 720 2888 ἀρχῇ
754 2836 769 2849 ο
807 2821 836 2871 ὁ
873 2823 974 2884 μὲν
1010 2829 1118 2894 γὰρ
1155 2829 1603 2901 ἀπεστερημένος
1638 2839 1814 2907 ἀρχῆς
1851 2817 1948 2894 καί

356 2905 507 2958 ἄκων
544 2911 872 2979 φιλοσοφεῖ·
912 2916 940 2967 ὀ
980 2916 1036 2968 δὲ
1080 2919 1371 2972 ἀπολαύων
1406 2926 1581 2994 αὐτῆς
1612 2928 1857 2982 τοιοῦτόν
1889 2950 1945 2984 τι

355 3001 589 3069 πάσχει,
631 2998 744 3054 οἷον
781 3003 848 3055 ἀν
889 3007 942 3057 εἴ
978 3024 1059 3070 τις
1109 3011 1249 3082 κόρῃ
1294 3015 1561 3068 συνοικῶν
1607 3018 1806 3071 εὐειδεῖ
1851 3026 1947 3074 καὶ

357 3093 526 3165 καλῇ,
559 3094 758 3163 νόμους
792 3096 1009 3169 δέξηται
1047 3104 1325 3171 μηδέποτε
1366 3108 1504 3177 πρὸς
1539 3109 1710 3180 αὐτὴν
1742 3113 1943 3166 ἁκολά-

362 3199 504 3249 στως
542 3186 673 3240 ἰδεῖν
699 3204 714 3219 ⁸
746 3191 986 3245 τοιοῦτον
1018 3198 1127 3266 γὰρ
1162 3202 1194 3266 ἠ
1220 3198 1462 3263 ἐξουσία⁸
1487 3202 1567 3255 διὸ
1582 3204 1814 3287 πολλοὺς
1850 3209 1946 3262 καὶ

354 3278 592 3343 ἄκοντας
623 3282 703 3344 είς
734 3282 794 3335 τὸ
826 3283 1074 3354 ὑῦρῖςειν
1104 3288 1360 3357 ἐνέϐαλε,
1396 3294 1491 3346 καὶ
1521 3268 1694 3366 Θυιμὸν
1720 3299 1944 3370 ἤγειρε,
1975 3268 2017 3325 C

354 3372 452 3424 καὶ
492 3374 711 3444 χαλινὸν
746 3376 998 3449 γλώττης
1041 3383 1255 3451 ἀφεῖλε,
1292 3386 1388 3439 καὶ
1430 3388 1603 3459 θύραν
1636 3393 1948 3446 ἀνεπέτασε

358 3472 651 3541 στόματος,
680 3473 873 3547 ὥςπερ
906 3478 1010 3531 ὑπὸ
1043 3481 1359 3550 πνεύματος
1385 3482 1481 3553 τὴν
1506 3485 1688 3557 ψυχὴν
1714 3488 1948 3560 ἀναρρι-

357 3559 611 3629 πίζουσα,
647 3563 742 3616 καὶ
779 3566 858 3626 είς
896 3568 989 3619 τὸν
1029 3568 1260 3638 ἔσχατον
1299 3571 1409 3623 τῶν
1450 3573 1641 3625 κακῶν
1683 3559 1849 3643 βυθὸν
1886 3578 1949 3630 τὸ

357 3654 569 3723 σκάφος
613 3660 1129 3724 καταποντίζουσαο
1180 3664 1358 3733 ἀρχῆς
1402 3666 1513 3736 γὰρ
1556 3668 1791 3735 μέγεθος
1834 3674 1948 3733 τοῖς

354 3747 459 3799 οὒκ
490 3748 658 3813 ἀξίως
689 3752 787 3818 τῆς
819 3753 995 3822 ἀρχῆς
1027 3755 1128 3826 ζῇν
1161 3759 1623 3829 προαιρουμένοις
1654 3764 1945 3836 προσθήκη

354 3845 636 3914 τιμωρίας
676 3848 795 3901 ὲστί
820 3865 834 3879 ·
870 3852 931 3903 τὸ
972 3852 1081 3921 γὰρ
1122 3851 1434 3923 εὐδοκιμεῖν
1470 3858 1567 3909 καὶ
1609 3861 1945 3929 προκόπτειν

353 3937 412 3989 ὲν
444 3937 601 4008 δήμῳ
622 3980 638 4003 ,
668 3942 780 4011 ὅσῳ
809 3942 1195 4015 λαμπρότερον
1225 3947 1405 4013 ποιεῖ,
1440 3951 1683 4021 τοσούτῳ
1720 3955 1945 4021 μείζους

351 4029 482 4093 τοὺς
511 4032 790 4097 κινδύνους
822 4034 959 4104 ἔχει,
986 4037 1081 4089 καὶ
1113 4041 1208 4102 τὰς
1244 4042 1531 4110 φροντίδας
1560 4046 1654 4097 καὶ
1682 4048 1781 4106 τὰς
1813 4047 1948 4101 ἀθυ-

355 4120 485 4191 μίας
512 4139 526 4153 ο
563 4125 905 4180 ἀναπνεῦσαι
941 4128 1052 4199 γὰρ
1086 4132 1183 4183 καὶ
1218 4133 1417 4203 στῆναι
1452 4136 1481 4189 ὁ
1518 4137 1758 4201 τοιοῦτος
1804 4140 1943 4203 ὅλως

349 4216 415 4269 οὐ
446 4216 691 4282 δύναται,
718 4216 862 4271 οὕτω
896 4223 1093 4288 πικρὸν
1121 4222 1264 4293 ἔχων
1297 4226 1391 4278 καὶ
1424 4226 1600 4296 βαρὺν
1626 4230 1719 4280 τὸν
1749 4231 1945 4284 δεσπό-

354 4322 477 4374 την.
512 4308 622 4360 Καὶ
652 4309 706 4362 τί
739 4309 884 4379 λέγω
921 4313 1118 4383 στῆναι
1155 4315 1249 4368 καὶ
1284 4317 1666 4384 ἀναπνεῦσαις
1701 4321 1805 4373 κᾶν
1843 4341 1943 4392 μυ-

352 4398 447 4465 ρία
479 4400 578 4471 ἔχῃ
612 4402 1018 4472 κατορθώματα
1049 4408 1077 4458 ὁ
1107 4407 1386 4474 τοιοῦτος,
1420 4409 1696 4476 δυσκόλως
1729 4416 1812 4478 είς
1845 4419 1945 4484 τὴν

348 4492 445 4544 τοῦ
492 4491 628 4547 Θεοῦ
677 4494 961 4565 βασιλείαν
1008 4501 1319 4571 εἰσέρχεται
1349 4518 1364 4534 ο
1410 4505 1565 4557 οὐδὲν
1614 4508 1722 4577 γὰρ
1767 4507 1944 4573 οὕτως

347 4582 774 4655 ἐκτραχηλίζειν
801 4586 994 4639 εἴωθεν
1015 4628 1031 4652 ,
1057 4588 1133 4653 ὡς
1164 4593 1196 4662 ἡ
1228 4600 1590 4666 παρεπομένη
1619 4600 1688 4669 τῇ
1721 4601 1941 4675 ἐξουσίᾳ
1975 4622 2022 4681 ι)

347 4679 507 4744 παρὰ
540 4676 652 4730 τῶν
690 4678 903 4731 πολλῶν
938 4680 1065 4743 δόξα
1091 4698 1105 4712 ’
1140 4682 1201 4735 τὸ
1241 4684 1342 4753 μὲν
1377 4686 1487 4755 γὰρ
1524 4689 1750 4759 ἀτιμίαν
1786 4694 1945 4761 ἐνεγ-

349 4769 471 4820 κεῖν
503 4770 649 4837 μέγα
678 4771 771 4824 καὶ
800 4776 1049 4839 γενναῖον
1075 4790 1088 4804 ·
1121 4774 1183 4827 τὸ
1213 4774 1269 4827 δὲ
1297 4777 1458 4846 δόξης
1493 4784 1789 4850 μετισχεῖν
1819 4801 1944 4835 νεα-

349 4860 509 4926 νικῆς
540 4860 711 4914 δεῖται
738 4861 917 4931 ψυχῆς
948 4868 1041 4915 καὶ
1073 4866 1280 4933 σφόδρα
1310 4867 1578 4938 μεγάλης,
1607 4868 1748 4923 ὥστε
1779 4872 1939 4944 δόξης

346 4951 696 5008 ἀπολαύοντα
731 4956 807 5027 μὴ
838 4959 1369 5029 ἐκτραχηλισθῆναι.

423 5176 488 5229 δ’.
529 5177 719 5234 Ταῦτα
742 5179 801 5233 δὲ
826 5179 988 5249 λέγω,
1018 5182 1080 5236 οὐ
1108 5184 1169 5237 τὸ
1197 5179 1339 5240 εἶναι
1368 5188 1640 5259 ἄρχοντας
1671 5193 1937 5264 ἀναιρῶν,

348 5269 473 5322 οὐδὲ
525 5271 626 5342 τὴν
676 5271 930 5337 ἐξουσίαν
981 5276 1326 5344 διαϐάλλων,
1381 5282 1521 5336 ἀλλὰ
1570 5287 1697 5349 τοὺς
1750 5288 1941 5353 κακῶς

347 5363 527 5433 ταύτῃ
572 5366 914 5435 χρωμένους,
966 5369 1064 5421 καὶ
1111 5371 1248 5439 πρὸς
1293 5375 1530 5440 ἀτόπους
1586 5377 1798 5449 ὀρέξεις
1846 5386 1942 5439 καὶ

347 5456 544 5523 ἡδονάς
568 5471 584 5488 υ
624 5476 643 5509 ι
684 5460 761 5511 Οὐ
793 5459 905 5528 γάρ
937 5462 1084 5516 ἐστιν
1116 5462 1336 5528 ἐξουσία
1367 5470 1417 5520 εἰ
1450 5470 1525 5537 μὴ
1561 5470 1665 5524 ὑπὸ
1697 5474 1833 5528 Θεοῦ
1854 5517 1868 5541 ,
1912 5494 1932 5528 ι

351 5553 520 5619 φησίν
539 5564 557 5581 '
587 5552 778 5622 ἐπειδὴ
805 5554 865 5608 τὸ
895 5555 1071 5626 ἀρχὰς
1097 5552 1236 5611 εἶναι
1259 5597 1274 5621 ,
1300 5565 1398 5614 καὶ
1423 5564 1546 5626 τοὺς
1584 5566 1681 5633 μὲν
1705 5568 1900 5638 ἄρχειν
1922 5609 1936 5634 ,

346 5641 478 5704 τοὺς
509 5641 565 5692 δὲ
595 5642 888 5712 ἄρχεσθαι,
916 5648 1013 5699 καὶ
1046 5650 1121 5718 μὴ
1152 5649 1342 5715 ἁπλῶς
1371 5654 1565 5725 ἀνέδην
1596 5659 1815 5712 ἅπαντα
1849 5661 1944 5729 φέ-

351 5731 546 5801 ρεσθαι
591 5730 783 5803 ὥσπερ
827 5737 1113 5807 κυμάτων,
1162 5742 1287 5813 τῇδε
1335 5744 1560 5799 κάκεῖσε
1602 5746 1710 5804 τῶν
1750 5749 1940 5821 δημων

422 5911 444 5946 ³
486 5916 643 5972 Rom.
676 5933 795 5984 snt,
831 5917 877 5974 Ι.

2056 2002 2169 2049 toto
2219 1998 2392 2051 animi
2444 1999 2732 2069 preposito
2755 2001 3181 2068 conquiramus.
3206 2001 3571 2084 .Principatus
3591 2009 3650 2055 et

2052 2098 2373 2158 potestates,
2416 2101 2473 2146 et
2529 2108 2779 2162 magnam
2836 2093 2889 2145 in
2951 2092 3155 2147 mundo
3183 2095 3508 2163 potentiam,
3539 2110 3649 2163 qua

2051 2184 2236 2238 omnia
2295 2199 2390 2239 sus
2451 2186 2631 2250 deque
2685 2201 2784 2253 pro
2819 2194 3011 2239 nostro
3044 2185 3202 2240 libito
3230 2200 3452 2242 versare
3474 2188 3647 2242 veile-

2052 2292 2198 2343 mus,
2258 2277 2390 2332 item
2453 2276 2711 2333 inimicos
2780 2294 3019 2343 vexare,
3083 2289 3140 2333 et
3201 2278 3651 2334 assentatoribus

2053 2369 2197 2424 bene
2254 2369 2475 2434 facere;
2539 2370 2694 2435 haec,
2758 2370 3008 2440 inquam,
3066 2386 3263 2426 omnes
3335 2371 3647 2442 fugiamus;

2054 2478 2226 2517 unum
2255 2463 2361 2519 hoc
2389 2472 2727 2531 spectantes,
2766 2474 2829 2518 nt
2881 2464 2934 2518 in
2961 2465 3168 2518 virtute
3197 2479 3265 2518 ae
3300 2464 3651 2535 philosophia

2055 2572 2364 2611 versemur.
2415 2557 2552 2612 Nam
2609 2565 2917 2626 potestates
2976 2572 3043 2611 ac
3098 2557 3445 2627 principatus
3478 2561 3648 2613 nudta

2054 2650 2309 2717 qme.l)eo
2338 2665 2448 2704 non
2485 2651 2724 2716 placent,
2749 2664 2910 2719 agere
2966 2650 3205 2706 suadent
3239 2667 3254 2705 :
3292 2666 3544 2721 opusque
3568 2664 3651 2706 est

2053 2743 2199 2795 virili
2233 2743 2531 2797 admodum
2582 2743 2791 2807 animo,
2853 2750 2914 2796 ut
2941 2752 3089 2799 recte
3125 2752 3351 2798 utamur
3386 2744 3515 2799 data
3547 2761 3649 2813 po-

2056 2842 2256 2887 testate
2313 2843 2411 2888 aut
2462 2835 2805 2902 principatu.
2874 2834 3011 2888 Nam
3043 2834 3134 2903 qui
3168 2835 3486 2905 principatu
3519 2851 3653 2898 spo-

2051 2925 2222 2980 liatus
2254 2926 2446 2987 fuerit,
2508 2926 2718 2982 invitus
2769 2926 3020 2996 quidem,
3049 2927 3145 2981 sed
3178 2936 3366 2982 tamen
3400 2928 3652 2998 philoso~

2053 3016 2257 3085 phatur
2295 3033 2309 3070 :
2342 3017 2440 3085 qui
2503 3026 2691 3071 autem
2740 3017 2834 3070 illo
2861 3016 3089 3082 fruitur,
3119 3016 3266 3071 idem
3301 3017 3421 3073 fere
3438 3019 3651 3088 patitur

2051 3119 2217 3179 atque
2282 3109 2371 3164 ille
2425 3110 2520 3178 qui
2575 3125 2702 3165 cum
2757 3111 2939 3181 puella
2973 3111 3230 3167 habitans
3254 3111 3502 3181 speciosa
3531 3120 3651 3182 puta

2053 3202 2322 3269 chraque,
2346 3201 2468 3271 lege
2503 3211 2719 3257 vetetur
2754 3202 3055 3273 quominus
3085 3205 3151 3257 ad
3180 3204 3327 3258 illam
3372 3204 3651 3274 impudice

2053 3292 2337 3361 respiciat.
2406 3292 2532 3346 llaec
2593 3293 2859 3348 nimirum
2886 3303 2970 3350 est
3006 3296 3352 3366 principatus
3376 3298 3647 3353 conditio.

2052 3385 2183 3440 Ideo
2238 3384 2445 3438 multos
2491 3384 2579 3439 vel
2644 3385 2852 3440 invitos
2899 3387 2966 3441 ad
3020 3387 3283 3456 injuriam
3340 3388 3647 3445 faciendam

2054 3476 2295 3547 impulit,
2352 3477 2542 3531 multis
2612 3476 2957 3535 iracundiam
3004 3484 3329 3545 commovit,
3357 3491 3412 3536 et
3453 3483 3651 3553 linguae

2050 3568 2270 3624 frenum
2332 3570 2559 3636 laxavit,
2614 3580 2670 3625 et
2721 3572 2838 3626 oris
2885 3572 3110 3642 januam
3166 3572 3465 3643 patefecit:
3501 3576 3649 3630 idem

2054 3673 2311 3729 tanquam
2376 3663 2505 3717 flatu
2556 3663 2797 3718 animam
2851 3666 3104 3732 ventilat,
3152 3676 3208 3721 et
3240 3667 3295 3720 in
3337 3676 3652 3723 extremum

2051 3755 2325 3809 malorum
2359 3755 2678 3809 barathrum
2714 3756 2978 3824 scapham
3032 3757 3325 3829 demergit.
3362 3760 3653 3831 Principa-

2053 3858 2141 3905 tus
2170 3851 2318 3905 enim
2353 3850 2667 3906 sublimitas
2734 3852 2822 3907 his
2872 3854 2964 3914 qui
2990 3869 3099 3908 non
3129 3855 3296 3924 digne
3324 3858 3420 3912 illo
3456 3859 3648 3916 vivere

2051 3940 2284 4008 eligunt,
2338 3940 2780 3996 additamentum
2828 3958 3006 4011 pinnae
3033 3954 3138 3997 est.
3175 3945 3310 3999 Nam
3343 3949 3649 4017 gratiosum

2054 4032 2168 4085 ﬁeri
2216 4047 2279 4086 ac
2324 4033 2554 4101 provehi
2600 4033 2655 4087 in
2713 4037 2941 4104 populo,
2971 4047 3178 4104 quanto
3208 4038 3649 4109 splendidiorem

2053 4124 2256 4189 reddit,
2311 4134 2463 4180 tanto
2528 4128 2740 4198 majora
2789 4130 3035 4197 pericula
3070 4132 3256 4197 habet,
3289 4145 3556 4200 etcuras,
3593 4147 3652 4192 et

2053 4220 2298 4273 timores.
2349 4218 2483 4273 Nam
2538 4220 2816 4289 respirare
2861 4232 2917 4277 et
2956 4224 3263 4281 consistere
3296 4230 3525 4283 omnino
3553 4244 3651 4286 ne-

2053 4313 2196 4381 quit,
2258 4321 2368 4366 tam
2426 4316 2690 4368 acerbum
2719 4330 3058 4384 gravemque
3093 4318 3304 4374 habens
3333 4320 3648 4380 dominum.

2050 4405 2194 4471 Quid
2226 4404 2353 4460 dico
2377 4407 2695 4462 consistere
2733 4423 2804 4463 ac
2842 4411 3165 4478 respirare?
3192 4412 3456 4477 Quamvis
3487 4416 3649 4471 innu-

2052 4517 2203 4556 mera
2255 4511 2403 4556 recte
2469 4501 2614 4556 facta
2672 4502 2764 4557 hic
2835 4504 3059 4568 habeat,
3112 4522 3257 4576 aegre
3303 4507 3647 4569 introibitin

2052 4609 2281 4664 regnum
2339 4593 2461 4649 Dei.
2512 4593 2660 4649 Nihil
2718 4595 2867 4649 enim
2929 4612 3087 4667 a~que
3144 4600 3481 4670 praecipitem
3511 4603 3647 4657 dare

2051 4689 2330 4743 hominem
2354 4689 2529 4752 solet,
2585 4695 2645 4742 ut
2697 4691 2985 4757 potestatis
3026 4707 3214 4747 comes
3271 4695 3415 4763 apud
3447 4695 3649 4767 vulgus

2051 4781 2248 4849 gloria.
2278 4781 2444 4836 Certe
2470 4781 2874 4850 ignobilitatem
2930 4798 3087 4850 mque
3119 4784 3305 4840 animo
3331 4785 3476 4843 ferre
3528 4806 3649 4843 ma-

2051 4888 2217 4942 gnum
2243 4872 2374 4941 quid
2399 4885 2485 4928 est
2515 4882 2569 4925 et
2594 4872 2813 4936 nobile;
2847 4872 2941 4926 sed
2974 4873 3070 4942 qui
3107 4876 3351 4946 ingloria
3370 4891 3645 4944 versatur,

2049 4966 2179 5019 forti
2250 4967 2437 5020 animo
2486 4975 2547 5019 et
2607 4969 2844 5021 maximo
2921 4967 3155 5038 indiget,
3220 4966 3437 5026 utdum
3467 4974 3643 5043 gloria

2052 5059 2277 5125 fruitur,
2307 5059 2579 5114 cervicem
2612 5076 2717 5113 non
2743 5060 2979 5132 frangat.

2122 5197 2177 5251 4.
2210 5196 2381 5250 Porro
2426 5197 2540 5251 haec
2593 5199 2702 5263 aio,
2759 5215 2869 5253 non
2918 5199 3050 5270 quia
3086 5217 3208 5257 esse
3235 5203 3515 5274 principes
3546 5221 3644 5259 no-

2050 5288 2187 5357 lim;
2252 5305 2354 5344 nec
2406 5289 2533 5357 quia
2593 5300 2921 5357 potestatem
2976 5293 3385 5359 criminer,sed
3419 5312 3517 5351 eos
3545 5294 3632 5366 qui

2052 5382 2194 5436 male
2217 5381 2306 5435 illa
2342 5391 2596 5441 utuntur.
2634 5381 2717 5435 vel
2745 5381 2811 5437 ad
2843 5381 3113 5439 absurdos
3144 5389 3422 5454 appetitus
3446 5400 3512 5441 ac
3543 5403 3645 5441 vo-

2050 5473 2309 5543 luptates.
2350 5493 2368 5524 ι
2398 5473 2519 5527 Non
2565 5472 2712 5525 enim
2766 5482 2852 5528 est
2903 5483 3147 5542 potesuts
3166 5473 3270 5529 nisi
3295 5491 3326 5530 a
3354 5476 3466 5531 Deo
3500 5477 3545 5543 ³,
3566 5476 3647 5533 ait

2050 5567 2361 5635 Scriptura.
2393 5565 2526 5620 Nam
2560 5565 2907 5635 principatus
2927 5580 3075 5629 esse,
3104 5575 3161 5621 et
3184 5567 3645 5639 aliosimperaro,

2050 5660 2190 5713 alios
2245 5658 2528 5728 imperari,
2590 5673 2769 5728 neque
2821 5669 3031 5714 temere
3112 5661 3297 5715 omnia
3383 5673 3646 5732 tanquam

2051 5751 2259 5808 ﬂuetus
2281 5750 2499 5820 agitari,
2539 5750 2760 5822 populis
2815 5752 2983 5808 modo
3041 5752 3150 5810 huc
3178 5751 3343 5811 modo
3373 5754 3507 5812 illuc
3535 5758 3645 5811 cir-
