4074 6472
439 378 550 446 943

1586 380 1999 443 THEODORI
2041 377 2597 442 MELITENIOTJ‘E

3623 381 3728 443 944

440 491 730 553 cumactis.
780 490 878 547 Dei
934 491 1220 564 sapientite
1263 491 1549 563 negotium
1570 503 1678 548 est.
1709 491 1848 547 Nam
1876 488 2024 560 quod

2151 489 2584 561 περιαγομένων,
2626 486 2725 558 τῆς
2767 486 2863 541 τοῦ
2909 485 3046 542 Θεοῦ
3096 488 3292 560 σοφίας
3333 487 3495 559 ἔργον
3537 492 3723 547 ἐστιν’

439 590 572 638 sunt
603 583 658 637 in
687 580 938 639 :ediliciis
970 584 1209 638 trabium
1235 585 1633 651 connexiones,
1658 583 1713 638 id
1749 583 2029 652 principes

440 677 526 731 vel
581 677 932 747 magistratus
978 677 1034 731 in
1095 678 1417 734 civitatibus
1472 686 1756 748 praestant.
1788 676 1856 730 Et
1886 675 2032 730 sicut

441 780 652 823 remoto
690 768 1083 838 gubernatore,
1140 785 1334 825 navem
1391 769 1765 834 demerseris;
1801 776 1854 822 et
1873 782 2034 821 exer-

441 861 612 914 citum
667 861 713 914 si
763 875 795 914 e
846 861 1046 916 castris
1082 861 1279 916 ducem
1307 861 1660 926 submoveas,
1695 859 2033 915 vinctosbo-

442 953 618 1008 stilnis
667 952 873 1007 milites
917 953 1250 1020 tradideris;
1305 955 1385 1009 sic
1417 955 1583 1008 etiam
1616 953 1684 1007 de
1710 951 2034 1008 civitatibus

442 1047 484 1100 si
521 1045 799 1115 principes
829 1057 926 1100 aut
981 1045 1335 1116 magistratus
1395 1043 1714 1108 abstuleris,
1747 1043 2035 1099 ferisirra-

442 1136 799 1191 tionabilibus
826 1153 927 1192 nos
946 1137 1198 1191 vivemus
1238 1135 1700 1190 irrationabilius.
1729 1135 2032 1205 Propterea

443 1243 672 1282 severus
719 1227 923 1294 vindex
988 1237 1072 1282 est
1110 1228 1275 1293 Deus,
1301 1228 1344 1282 si
1370 1227 1427 1282 lii
1459 1235 1832 1296 spernuntur;
1872 1235 1929 1280 et
1953 1224 2035 1280 ul-

444 1322 649 1375 tionem
702 1336 815 1375 non
884 1320 1249 1386 mediocrem,
1301 1319 1396 1374 sed
1418 1319 1580 1390 plane
1609 1321 1930 1383 maximam,
1965 1317 2035 1372 de

444 1427 853 1484 transgressore
897 1412 1068 1482 capit.
1115 1413 1324 1482 Etjnre
1352 1426 1484 1467 sane
1515 1412 1746 1481 optimo.
1780 1409 1917 1464 Nam
1941 1410 2035 1479 qui

445 1505 795 1575 principibus
813 1503 1072 1558 subditus
1095 1513 1202 1566 est,
1223 1518 1334 1557 non
1362 1501 1732 1572 principibus,
1767 1499 1864 1554 sed
1897 1501 2032 1566 Deo,

445 1601 537 1665 qui
587 1599 667 1652 sic
714 1612 804 1652 res
845 1597 1148 1660 ordinavit,
1170 1594 1363 1650 obedit
1394 1610 1410 1648 :
1443 1595 1538 1664 qui
1573 1602 1761 1650 autem
1791 1591 2033 1648 illisnon

447 1693 808 1760 obtemperat,
839 1689 953 1747 Deo
978 1689 1324 1744 adversatur.

515 1998 562 2052 5.
600 1996 762 2052 Sicut
813 2007 1000 2051 autem
1063 1995 1415 2067 principatus
1469 1995 1841 2063 essejbonum
1894 1993 2038 2049 divi-

447 2104 686 2158 numque
719 2089 926 2142 donum
967 2095 1073 2151 est,
1112 2087 1187 2140 ita
1242 2085 1475 2140 omnino
1496 2096 1720 2154 Oportet
1754 2097 2038 2156 quemque

446 2181 775 2251 pt‘itlt'ipt’m,
838 2186 1003 2248 prout
1051 2175 1213 2230 decet
1262 2175 1446 2230 datam
1493 2176 1765 2231 divinitus
1794 2185 2039 2246 potesta-

447 2288 581 2335 tem,
646 2270 866 2325 cunctis
919 2268 1473 2339 irreprebensibilem
1532 2279 1709 2323 semet
1741 2271 2035 2338 praebere:

447 2365 707 2420 robitxere
742 2365 903 2431 iram,
937 2361 1223 2427 invidiam,
1253 2363 1616 2432 voluptatem,
1646 2371 1813 2430 atque
1852 2362 2037 2415 omnia

447 2475 510 2513 ex
549 2457 730 2526 legum
755 2456 1070 2510 divinarum
1103 2469 1298 2509 norma
1320 2470 1504 2524 agere,
1535 2463 1778 2508 mentem
1810 2453 2039 2508 liberam

448 2562 799 2611 conservare,
859 2560 1039 2615 neque
1101 2546 1333 2600 omnino
1375 2547 1582 2611 sinere,
1624 2556 1683 2601 ut
1711 2547 1907 2601 aniime
1929 2563 2043 2602 suae

448 2643 772 2696 dominetur
830 2638 1180 2706 voluptatum
1242 2640 1511 2706 potentia,
1564 2647 1730 2708 atque
1797 2639 1869 2691 ita
1911 2652 2043 2693 vere

449 2735 758 2807 principem
789 2746 933 2786 esse.
957 2729 1092 2784 Nam
1154 2730 1251 2799 qui
1306 2729 1823 2794 perturbationibus
1847 2729 2045 2783 animae

449 2829 720 2883 rationem
749 2821 1076 2894 prazfecerit,
1113 2820 1274 2876 facile
1325 2821 1490 2874 etiam
1523 2820 1841 2874 hominibus
1905 2833 2046 2889 pra:-

449 2925 558 2979 erit
604 2933 731 2974 eum
788 2915 996 2972 divinis
1024 2913 1266 2984 legibus;
1292 2913 1368 2966 ita
1397 2921 1463 2966 ut
1488 2911 1604 2980 ipse
1627 2911 1683 2964 iu
1720 2910 1892 2979 patris
1921 2910 2044 2964 loco

451 3017 694 3074 subditis
723 3015 816 3076 sit,
851 3027 977 3067 cum
1000 3007 1322 3066 o’muiinoda
1375 3005 1806 3060 mansuetudine
1851 3005 1909 3058 'in
1938 3018 2042 3073 po-

451 3112 583 3184 pulo
622 3125 723 3163 suo
754 3119 1000 3168 versans,
1036 3103 1230 3171 sicque
1279 3111 1475 3155 omnes
1503 3100 1607 3154 sibi
1639 3115 1829 3154 amore
1855 3098 2044 3153 d'cvino

2130 583 2270 652 ὅπερ
2304 583 2414 652 γάρ
2451 582 2594 634 εἰσιν
2628 581 2687 632 ἐν
2720 584 2842 643 ταῖς
2877 582 3081 645 οἰκίαις
3115 582 3224 634 τῶν
3261 581 3437 648 ξύλων
3468 584 3525 638 αἱ
3563 585 3724 653 ίμαν-

2130 673 2352 736 τώσεις,
2392 670 2556 725 τοῦτο
2604 672 2653 724 οί
2698 670 2962 741 ἄρχοντες
3005 671 3064 722 ἐν
3107 669 3230 732 ταῖς
3277 667 3500 724 πόλεσιν
3541 671 3724 739 ὑπάρ-

2133 781 2288 835 χουσι
2307 779 2322 794 ·
2354 764 2450 818 καὶ
2476 762 2736 833 καθάπερ
2764 763 2895 832 νηδς
2924 764 3022 816 ἐὰν
3054 763 3374 833 ἁποστὴσῃς
3400 761 3491 814 τὸν
3521 761 3725 832 κυϐερ-

2133 861 2326 926 νήτην,
2373 857 2780 918 κατεπόντισας
2827 855 2889 908 τὸ
2939 853 3171 923 σκάφος,
3217 855 3316 907 καὶ
3363 851 3615 921 στρατὸν,
3659 853 3726 906 ἂν

2134 947 2498 1022 [στρατηγὸν]
2531 949 2832 1020 ἀπαγάγῃς
2862 948 2957 1001 τοῦ
2993 947 3383 1018 στρατοπέδου,
3409 947 3727 1017 δεδεμένους

2131 1047 2247 1107 τοῖς
2290 1042 2576 1112 πολεμίοις
2617 1042 2950 1111 παρέδωκας
2993 1042 3125 1102 τοὺς
3166 1039 3542 1110 στρατιώτας’
3583 1041 3726 1093 οὓτω

2135 1136 2230 1189 καὶ
2264 1135 2375 1188 τῶν
2414 1134 2626 1187 πόλεων
2668 1133 2735 1188 ἂν
2775 1134 2902 1193 τοὺς
2949 1133 3220 1201 ἄρχοντας
3264 1131 3481 1204 ἀνέλῃς,
3519 1129 3729 1200 θηρίων

2137 1227 2354 1294 ἀλόγων
2391 1225 2738 1294 ἀλογώτερον
2775 1223 3088 1296 βιωσόμεθα
3133 1222 3269 1292 βίον.
3306 1225 3404 1277 Διὰ
3437 1223 3594 1277 τοῦτο
3630 1222 3728 1275 καὶ

2139 1319 2369 1388 σφοδρός
2402 1319 2523 1370 ἐστι
2557 1317 2809 1386 τιμωρὸς
2843 1317 2872 1368 ό
2905 1316 3074 1380 Θεὸς,
3106 1316 3318 1369 τούτων
3351 1331 3727 1384 καταφρονου-

2141 1409 2342 1479 μένων,
2375 1410 2472 1463 καὶ
2500 1408 2660 1478 δίκην
2687 1407 2748 1460 ού
2778 1409 2879 1476 τὴν
2905 1405 3200 1476 τυχοῦσαν,
3229 1407 3368 1462 ἀλλὰ
3397 1410 3493 1462 καὶ
3522 1409 3727 1479 σφόδρα

2142 1503 2411 1573 μεγίστην
2449 1503 2676 1555 ἀπαιτεί
2715 1501 2807 1555 τὸν
2846 1503 3258 1572 παρακούοντα.
3303 1503 3415 1558 Καὶ
3463 1504 3606 1572 μάλα
3650 1505 3731 1558 εί-

2141 1597 2318 1658 κότως
2342 1611 2356 1627 ο
2394 1595 2422 1647 ό
2461 1595 2562 1664 μὲν
2597 1594 2708 1665 γὰρ
2741 1597 2859 1657 τοῖς
2893 1597 3161 1665 ἄρχουσιν
3192 1594 3631 1664 ὑποτασσόμενος
3662 1599 3725 1649 ού

2139 1689 2252 1749 τοῖς
2285 1686 2549 1755 ἄρχουσιν
2581 1687 2988 1750 ὑποτάσσεται,
3021 1688 3161 1740 ἀλλὰ
3190 1685 3271 1757 τῷ
3301 1686 3423 1754 Θεῷ
3450 1685 3528 1756 τῷ
3556 1685 3730 1739 ταῦτα

2143 1773 2575 1854 νομοθετήσαντι
2606 1775 2857 1830 πείθεται
2877 1794 2891 1808 ο
2921 1778 2949 1828 ὁ
2979 1777 3038 1830 δὲ
3070 1774 3148 1847 μὴ
3177 1775 3474 1831 ὑπακούων
3499 1778 3729 1839 ἐκείνοις

2061 1845 2110 1907 Β
2139 1866 2218 1938 τῷ
2247 1867 2368 1938 Θεῷ
2401 1845 2652 1938 πολεμεῖ.

2213 2010 2276 2059 ε’.
2313 2003 2528 2074 Ὠσπερ
2565 2003 2622 2057 δὲ
2655 2003 2716 2055 τὸ
2753 2002 2928 2074 ἀρχὰς
2963 1997 3107 2057 εἶναι
3144 2005 3309 2058 καλὸν
3343 2011 3439 2060 καὶ
3475 2006 3616 2061 θεῖον
3648 2006 3730 2077 τῷ

2141 2094 2256 2149 ὄντι
2290 2094 2501 2166 δῶρον,
2540 2093 2686 2147 οὕτω
2721 2095 2802 2148 δεῖ
2838 2095 3060 2160 πάντως
3097 2099 3191 2150 καὶ
3227 2097 3458 2152 ἕκαστον
3490 2101 3729 2170 ἄρχοντα

2141 2190 2244 2258 τῆς
2273 2186 2464 2241 θεόθεν
2490 2187 2640 2259 αύτῷ
2665 2187 2917 2259 δοθείσης
2944 2189 3119 2259 ἀρχῆς
3151 2190 3320 2257 ἀξίως
3351 2193 3518 2244 πᾶσιν
3541 2193 3732 2247 ἀνεπί-

2143 2281 2352 2351 ληπτον
2392 2275 2536 2334 εἶναι
2563 2298 2579 2314 θ
2623 2281 2721 2334 καὶ
2765 2284 2992 2351 κρατεῖν
3036 2283 3136 2354 μὲν
3175 2284 3353 2354 θυμοῦ
3398 2289 3492 2339 καὶ
3533 2285 3729 2354 φθόνου

2144 2377 2240 2429 καὶ
2283 2375 2510 2445 ἡδονῆς,
2555 2377 2736 2428 πάντα
2779 2375 2837 2427 δὲ
2884 2376 2988 2428 ὑπὸ
3033 2377 3162 2441 τοὺς
3207 2377 3304 2430 τοῦ
3349 2375 3488 2430 Θεοῦ
3534 2379 3730 2448 νόμους

2144 2468 2300 2534 ἄγειν
2320 2483 2335 2499 ο
2368 2467 2464 2520 καὶ
2487 2467 2580 2518 τὸν
2607 2467 2732 2521 νοῦν
2758 2467 3044 2540 ἐλεύθερον
3070 2471 3261 2541 τηρεῖν
3279 2511 3294 2536 ,
3321 2472 3416 2522 καὶ
3449 2470 3573 2540 μηδ’
3595 2469 3731 2532 ὅλως

2145 2560 2242 2628 ὲᾷν
2269 2556 2695 2612 ὲνδυναστεῦσαι
2722 2560 2790 2629 τῇ
2821 2561 2968 2628 ψυχῇ
2997 2557 3097 2629 τὴν
3122 2557 3446 2612 δεσποτείαν
3472 2559 3581 2611 τῶν
3606 2558 3730 2627 ἡδο-

2145 2652 2256 2704 νῶν
2280 2666 2295 2681 ο
2334 2651 2432 2703 καὶ
2471 2649 2645 2714 οὕτως
2685 2649 2907 2720 ἀληθῶς
2943 2651 3183 2722 ἄρχοντα
3217 2648 3358 2704 εἶναι
3383 2666 3398 2681 ⁸
3436 2651 3528 2704 καὶ
3563 2653 3670 2720 γὰρ
3702 2652 3731 2703 ὁ

2150 2743 2251 2811 μὲν
2283 2745 2397 2806 τοῖς
2433 2743 2634 2797 πάθεσι
2666 2744 2766 2813 τῆς
2799 2744 2980 2814 ψυχῆς
3013 2744 3105 2796 τον
3139 2743 3399 2813 λογισμὸν
3432 2747 3732 2814 ἐπιστήσας

2149 2834 2350 2903 ῥαδίως
2385 2833 2453 2886 ἂν
2487 2835 2747 2904 ἐπισταίη
2785 2835 2880 2887 καὶ
2913 2833 3226 2905 ἀνθρώποις
3262 2836 3403 2905 μετὰ
3434 2836 3540 2890 τῶν
3574 2835 3733 2889 Θείων

2148 2925 2352 2994 νόμων,
2385 2925 2527 2978 ὥστε
2558 2925 2725 2980 αὐτὸν
2756 2927 2815 2978 ἐν
2844 2927 3051 2996 πατρὸς
3080 2925 3234 2992 τάξει
3263 2929 3376 2990 τοῖς
3405 2929 3731 2998 ἀρχομένοις

2152 3015 2319 3077 εἶναι.
2363 3021 2506 3090 μετὰ
2551 3021 2732 3091 πάσης
2774 3020 3116 3092 ἡμερότητος
3157 3020 3451 3091 ὁμιλοῦντα
3488 3023 3598 3083 τοῖς
3638 3021 3735 3074 ὑπ’

2152 3113 2318 3165 αὐτὸν
2358 3113 2752 3182 ταττομένοις,
2800 3117 2900 3167 καὶ
2945 3113 3156 3176 πάντας
3201 3113 3454 3167 ἐντεῦθεν
3496 3113 3735 3182 ἐραστὰς

451 3205 627 3267 ciens,
691 3211 748 3254 ct
813 3196 1258 3253 benevolentiam
1317 3194 1426 3248 illis
1487 3207 1621 3262 erga
1672 3191 2042 3262 principatum

2154 3203 2352 3258 ἑαυτοῦ
2387 3203 2741 3258 καθιστῶντα
2763 3247 2778 3272 ,
2813 3206 2910 3259 καὶ
2945 3205 3065 3271 μετ’
3089 3205 3306 3269 εὐνοίας
3339 3207 3471 3276 περὶ
3503 3207 3600 3278 τὴν
3632 3209 3735 3275 ἀρε

451 3297 716 3360 suadens,
745 3307 862 3347 rem
898 3289 1112 3358 sedepol
1163 3285 1568 3351 diﬂicilliuiam,
1616 3293 1672 3338 et
1693 3299 1819 3354 quae
1847 3283 2044 3353 praci-

453 3404 564 3461 pue
619 3389 752 3440 facit
815 3381 1122 3452 principem
1184 3390 1334 3432 esse.
1387 3373 1544 3430 Haud
1595 3375 1746 3430 enim
1773 3375 1936 3430 facile
1965 3383 2047 3430 tot

459 3481 748 3536 hominum
804 3476 1066 3530 allectum
1115 3470 1320 3541 poterit
1377 3468 1502 3538 quis
1529 3468 1596 3523 ad
1639 3484 1699 3523 se
1738 3469 2043 3533 attrahere,

455 3573 675 3630 etiamsi
728 3573 1078 3623 innumeram
1134 3561 1426 3634 pecuniam
1481 3561 1774 3632 largiatur,
1826 3561 2044 3615 etiamsi

457 3671 730 3741 plurimos
806 3662 1084 3718 exercitus
1153 3657 1466 3720 debellat-it,
1500 3655 1769 3727 quidquid
1801 3655 2048 3725 denique

457 3763 607 3818 aiiud
654 3759 954 3830 patraverit
1011 3773 1025 3807 :
1078 3769 1183 3809 nec
1226 3752 1534 3823 quidquam
1577 3761 1662 3805 est
1723 3751 1871 3818 quod
1907 3750 2048 3803 adeo

459 3857 767 3928 principem
835 3850 1083 3914 denotet,
1136 3856 1195 3900 ut
1237 3845 1410 3914 ipsius
1432 3859 1560 3914 erga
1579 3843 1832 3898 subditos
1869 3857 2045 3896 anior.

459 3953 596 4007 Nam
657 3959 837 4016 neque
891 3953 1104 4014 patrem
1153 3939 1440 4009 generatio
1481 3935 1864 3992 tantummodo
1893 3934 2046 3999 facit,

459 4043 556 4098 sed
593 4051 650 4094 et
667 4052 820 4092 amor
847 4048 976 4104 erga
1007 4033 1245 4101 genitos.
1293 4029 1452 4094 Quod
1509 4029 1552 4081 si
1586 4027 1681 4081 ubi
1715 4036 1910 4080 natura
1941 4035 2046 4092 est,

463 4139 539 4192 ibi
591 4147 837 4188 amorem
898 4143 1022 4183 esse.
1043 4132 1283 4195 oportet.
1342 4122 1516 4176 multo
1547 4121 1722 4190 magis
1751 4120 1844 4175 ubi
1877 4121 2050 4190 gratia

454 4243 567 4285 est.
625 4228 794 4280 Secns
850 4233 984 4274 vero
1017 4222 1111 4288 qui
1141 4217 1434 4271 hominum
1460 4215 1719 4284 princeps
1743 4229 1866 4269 esse
1899 4214 2056 4267 ride-

467 4338 577 4383 tur,
631 4315 932 4372 iracundia:
959 4322 1143 4366 autem
1169 4321 1226 4364 et
1263 4308 1556 4364 ambitioni
1583 4317 1640 4362 et
1675 4307 2054 4376 voluptatibus

463 4414 658 4475 scivit,
689 4411 870 4479 primo
894 4406 1120 4474 quidem
1165 4401 1434 4456 ridiculus
1475 4399 1718 4455 subditis
1743 4398 2050 4469 apparebit,

465 4508 598 4578 quia
659 4516 926 4558 coronam
985 4497 1220 4569 gemmis
1252 4495 1657 4549 interstinctam
1723 4503 1782 4546 et
1826 4505 2052 4546 auream

2155 3297 2259 3368 χὴν
2295 3297 2608 3352 διακεῖσθαι
2651 3299 2938 3366 πείθοντα,
2978 3300 3038 3352 τὸ
3079 3299 3528 3371 δυσκατόρθωτον
3569 3300 3738 3362 ὅντως

2154 3394 2411 3463 πρᾶγμα,
2440 3392 2534 3447 καὶ
2563 3393 2804 3462 μάλιστα
2830 3395 3050 3448 πάντων
3075 3392 3320 3447 δεικνύον
3343 3395 3435 3446 τὸν
3460 3393 3697 3464 ἄρχοντα
3717 3409 3734 3425 ο

2153 3486 2216 3538 ού
2259 3487 2368 3557 γὰρ
2405 3486 2643 3550 εὐκόλως
2679 3487 2956 3540 τοσούτων
2991 3485 3200 3557 ἀνδρῶν
3234 3485 3475 3540 διάθεσιν
3507 3487 3737 3554 δυνήσε-

2154 3578 2245 3631 ταί
2269 3597 2350 3639 τις
2376 3578 2572 3631 ἑαυτὸν
2597 3577 3043 3644 ἐπισπάσασθαι,
3071 3576 3172 3630 κᾶν
3198 3579 3458 3647 χρήματα
3483 3576 3737 3650 ἀναλώσῃ

2159 3671 2366 3740 μυρία,
2405 3670 2512 3723 κᾶν
2545 3672 2723 3739 μυρία
2763 3670 2967 3742 νικήσῃ
3009 3669 3347 3738 στρατόπεδα
3371 3708 3385 3733 ,
3423 3669 3527 3724 κᾶν
3561 3669 3739 3721 ὁτιοῦν

2157 3763 2347 3834 ἕτερον
2376 3763 2683 3832 ἐργάσηται
2707 3775 2723 3790 ⁶
2757 3765 2851 3815 καὶ
2885 3763 3038 3816 οὐδὲν
3067 3761 3212 3816 οὕτω
3245 3761 3488 3814 δείκνυσι
3520 3762 3612 3814 τὸν
3639 3763 3739 3830 τὴν

2157 3857 2338 3928 ἀρχὴν
2363 3855 2580 3926 ἔχοντα,
2607 3855 2683 3917 ὼς
2710 3856 2742 3924 ἡ
2775 3854 2908 3924 περὶ
2933 3855 3060 3918 τοὺς
3091 3855 3430 3927 ἀρχομένους
3459 3854 3742 3924 φιλοστορ-

2159 3951 2256 4020 γία
2283 3967 2300 3984 ·
2344 3951 2440 4003 καὶ
2475 3951 2583 4019 γὰρ
2618 3948 2834 4018 πατέρα
2867 3948 2930 4002 ού
2965 3949 3028 4000 τὸ
3062 3949 3322 4016 γεννῆσαι
3361 3947 3522 4016 μόνον
3559 3947 3738 4010 ποιεῖ,

2160 4043 2298 4097 ἀλλὰ
2337 4042 2432 4096 καὶ
2471 4043 2532 4094 τὸ
2574 4039 2752 4109 φιλεῖν
2798 4043 2938 4111 μετα
2976 4040 3039 4094 τὸ
3079 4041 3366 4111 γεννῆσαι.
3406 4041 3469 4093 E!
3511 4040 3569 4094 δὲ
3615 4039 3740 4092 ἔνθα

2161 4135 2327 4205 φύσις
2357 4137 2450 4188 καὶ
2482 4134 2706 4204 ἀγάπης
2736 4135 2898 4204 χρεία
2919 4174 2935 4199 ,
2969 4133 3152 4204 πολλῷ
3185 4135 3386 4203 μᾶλλον
3419 4133 3548 4186 ἔνθα
3581 4134 3741 4203 χάρις

2164 4227 2426 4296 ὑπάρχει.
2462 4226 2524 4280 Ὀ
2555 4227 2613 4279 δὲ
2644 4225 2954 4296 ἀνθρώπων
2993 4225 3092 4293 μὲν
3123 4225 3312 4296 ἄρχειν
3343 4224 3549 4288 δοκῶν,
3577 4224 3743 4291 θυμῷ

2161 4319 2217 4374 δὲ
2258 4319 2350 4373 καὶ
2391 4319 2656 4389 φιλαρχίᾳ.
2695 4319 2790 4371 καὶ
2829 4318 3049 4388 ἡδοναῖς
3091 4317 3360 4371 δουλεύων
3397 4317 3611 4386 πρῶτον
3647 4317 3746 4386 μὲν

2165 4412 2574 4480 καταγέλαστος
2611 4405 2753 4464 εἶναι
2787 4409 2993 4477 δόξειεν
3028 4410 3095 4464 ἂν
3129 4413 3242 4473 τοῖς
3274 4409 3632 4480 ἀρχομένοις,
3665 4409 3746 4460 ὅτι

2166 4505 2439 4572 στέφανον
2471 4505 2572 4574 μὲν
2604 4504 2764 4575 φορεῖ
2795 4498 3180 4574 λιθοκόλλητον
3211 4503 3306 4556 καὶ
3335 4501 3570 4574 χρυσοῦν
3590 4543 3605 4566 ,
3638 4517 3744 4552 σω-

464 4569 664 4669 ιξιτδιηι,
731 4592 1094 4663 temperantia
1161 4598 1346 4643 autem
1373 4595 1589 4642 nonest
1622 4585 1918 4640 redimitus
1952 4599 1968 4636 :
2001 4592 2045 4638 e1

2166 4569 2412 4670 φροσύνῃ
2456 4569 2512 4650 δὲ
2559 4569 3132 4666 οὖνκτὲστεφάνωταῦ
3178 4595 3276 4650 καὶ
3321 4569 3599 4663 ἀλουργίδι
3645 4595 3746 4662 μὲν

469 4705 712 4763 purpura
752 4696 926 4741 totum
949 4699 1153 4752 corpus
1185 4680 1472 4750 splendet,
1505 4677 1602 4733 sed
1634 4677 1874 4730 animam
1910 4675 2059 4730 inor-

470 4799 653 4841 natam
718 4781 908 4836 babet.
969 4779 1176 4832 Deinde
1202 4791 1298 4840 ,ne
1323 4772 1604 4845 quomodo
1643 4772 1869 4842 quidem
1905 4772 2060 4843 priu-

468 4883 712 4949 cipatum
744 4874 1103 4928 adtninistret
1147 4871 1285 4924 sciet
1322 4882 1494 4922 :nam
1541 4866 1636 4937 qui
1661 4865 1766 4920 sibi
1809 4865 1914 4934 ipsi
1954 4867 2059 4919 im-

469 4987 664 5043 perure
710 4956 926 5038 nequit,
978 4963 1262 5034 quomodo
1311 4962 1452 5017 alios
1477 4959 1684 5032 poterit
1713 4959 1958 5031 dirigere
1983 4961 2063 5016 lc-

470 5063 672 5135 gibus?

543 5202 596 5255 G.
637 5170 1027 5266 Quamobrcnr
1063 5208 1176 5248 non
1229 5191 1388 5262 quasi
1429 5191 1798 5261 principatum
1832 5189 2056 5261 vitupe-

471 5306 679 5351 rantes,
710 5301 807 5344 aut
859 5300 1198 5357 quemquam
1230 5299 1354 5337 cum
1391 5292 1670 5353 potestate
1710 5298 1832 5337 esse
1864 5284 2060 5339 nolen-

474 5399 578 5447 tes,
612 5384 852 5438 uicimus
881 5378 1026 5433 baud
1063 5377 1268 5431 debere
1302 5390 1405 5429 nos
1442 5375 1783 5445 principatus
1819 5377 2058 5430 ambire.

470 5481 608 5537 Νίκη
641 5474 799 5530 multi
849 5472 1112 5543 praeclari:
1144 5468 1380 5538 imperio
1409 5468 1516 5532 usi,
1545 5468 1658 5521 Deo
1687 5469 2058 5537 placuerunt;

471 5592 638 5646 quam
667 5588 784 5626 rem
821 5578 1098 5623 testantur
1141 5566 1379 5635 Moyses,
1407 5563 1595 5628 Josue,
1627 5563 1801 5618 David
1838 5565 2067 5620 mitissi-

469 5687 592 5734 sus,
639 5678 699 5722 et
757 5682 882 5720 cum
927 5663 1053 5717 aliis
1109 5659 1511 5715 Constantinus
1563 5659 1795 5729 Magnus
1847 5668 1902 5712 et
1965 5674 2065 5727 par

474 5759 767 5832 apostolis,
811 5757 974 5826 cujus
1003 5755 1199 5816 vitam,
1238 5761 1300 5806 ut
1330 5752 1739 5806 oblectamento
1779 5760 1836 5805 et
1877 5765 2065 5804 exeni-

474 5857 570 5926 plu
597 5853 800 5910 futuris
829 5851 1050 5922 regibus
1078 5849 1244 5914 l'orct,
1274 5846 1543 5916 peculiari
1581 5861 1680 5901 nos
1712 5845 1924 5915 scripto
1953 5855 2064 5899 tra-

2162 4694 2286 4746 ὅλον
2329 4694 2390 4744 τὸ
2432 4691 2594 4762 σῶμα
2633 4690 2937 4759 λάμπεται,
2975 4689 3072 4761 τὴν
3111 4689 3168 4744 δὲ
3209 4688 3391 4760 ψυχὴν
3435 4690 3748 4756 ἀκόσμητον

2163 4783 2298 4854 ἔχει.
2333 4783 2568 4837 Ἔπειτα
2601 4782 2658 4835 δὲ
2690 4783 2814 4836 οὐδὲ
2847 4783 2996 4845 ὅπως
3033 4781 3484 4853 μεταχειρίσεται
3514 4778 3614 4849 τὴν
3643 4780 3746 4847 ἀρ-

2164 4879 2266 4949 χὴν
2299 4878 2657 4947 ἐπιστήσεται
2683 4893 2697 4908 ο
2731 4879 2760 4930 ὁ
2789 4876 2900 4948 γὰρ
2934 4876 3131 4929 ἑαυτοῦ
3169 4875 3244 4944 μὴ
3277 4874 3523 4941 δυνηθεὶς
3555 4875 3748 4941 ἄρχειν

2164 4971 2282 5036 πῶς
2321 4970 2390 5026 ἂν
2425 4971 2646 5040 ἐτέρους
2687 4969 2946 5039 δυνηθείη
2990 4967 3346 5021 κατευθύνειν
3376 4969 3490 5030 τοῖς
3532 4966 3750 5034 νόμοις;

2238 5195 2312 5262 ς’.
2337 5196 2503 5250 Ὥστε
2530 5196 2590 5249 σύ
2617 5197 2717 5259 τὰς
2739 5195 2916 5267 ἀρχὰς
2952 5193 3294 5260 κακίζοντες,
3327 5193 3438 5247 οὐδ’
3463 5191 3751 5262 ἀναιροῦν-

2164 5307 2254 5355 τες
2288 5293 2351 5344 τὸ
2385 5288 2527 5344 εἷναί
2553 5308 2701 5354 τινας
2732 5291 2791 5343 ἐν
2824 5289 3118 5354 ἐξουσίαις,
3144 5290 3373 5356 εἴπομεν
3394 5287 3470 5358 μὴ
3506 5285 3752 5356 ἐφίεσθαι

2165 5386 2317 5454 ἡμᾶς
2351 5384 2460 5437 τῶν
2491 5383 2676 5454 ἀρχῶν
2715 5401 2730 5416 ο
2765 5384 2954 5436 πολλοὶ
2985 5385 3093 5452 γὰρ
3127 5381 3309 5441 καλῶς
3342 5385 3408 5450 τῇ
3445 5381 3583 5449 ἀρχῇ
3620 5397 3748 5448 χρη-

2169 5480 2421 5550 σάμενοι,
2477 5477 2556 5547 τῷ
2607 5477 2727 5546 Θεῷ
2783 5477 3201 5547 εὐηρέστησαν·
3251 5473 3348 5525 καὶ
3420 5469 3758 5542 μαρτυροῦσι

2167 5571 2374 5639 Μωσῆς
2398 5587 2458 5622 τε
2497 5571 2590 5624 καὶ
2625 5568 2832 5639 Ἰησοῦς
2869 5569 2962 5621 καὶ
2985 5566 3150 5622 Δαόὶδ
3196 5567 3222 5617 ὁ
3275 5565 3605 5636 πραότατος,
3659 5568 3755 5616 καὶ

2171 5664 2270 5715 σὺν
2295 5660 2505 5729 ἑτέροις
2529 5660 2747 5721 πολλοῖς
2781 5659 3190 5714 Κωνοταντῖνος
3211 5658 3240 5709 ὁ
3275 5655 3465 5722 Μέγας
3503 5656 3596 5707 καὶ
3632 5655 3744 5707 im

2173 5753 2457 5817 zéoro‘ao,
2487 5747 2550 5808 οῦ
2576 5755 2668 5806 τὶν
2705 5753 2820 5823 βίον
2839 5753 3062 5824 ἥδυσμὰ
3092 5770 3150 5805 τε
3176 5753 3272 5804 καὶ
3322 5748 3596 5817 παίδευμα
3649 5747 3759 5814 τοῖς

2173 5849 2252 5913 εἰς
2286 5847 2516 5918 εστερον
2565 5847 2880 5919 βασιλεῦσιν
2939 5848 3070 5901 ὄντα
3129 5841 3597 5916 παραδεδώκαμεν
3653 5840 3756 5905 iota
