4074 6494
353 449 469 514 945

1733 462 2074 525 ETHICON
2112 467 2282 533 VIII.

3522 474 3627 536 9'46

348 567 538 639 γραφῇ
567 564 668 638 (1),
705 565 970 635 φιλοθέων
997 569 1211 642 ἀνδρῶν
1266 574 1515 643 ἀξιώσει,
1571 577 1935 646 διεξελθόντες

2049 583 2314 650 didimus,
2344 583 2453 654 piis
2501 582 2637 639 viris
2670 582 3028 654 rogantibus;
3063 593 3356 641 narrantes
3379 601 3447 642 ex
3477 587 3626 642 illius

345 662 411 713 ἐκ
442 658 552 712 τῶν
579 659 789 714 ἐκείνου
845 662 1061 717 πολλῶν
1101 666 1284 736 ὀλίγα,
1338 671 1519 724 καίτοι
1561 673 1628 743 τῇ
1681 672 1933 747 παρούσῃ

347 750 549 821 σπουδῇ
613 753 1038 825 ὲνησχολημένοι
1071 773 1088 789 ·
1136 760 1276 814 ἀλλὰ
1335 763 1396 815 τὸ
1445 762 1541 817 τοῦ
1598 765 1930 835 πράγματος

345 843 651 906 ἐννοοῦντες
680 844 1206 920 δυσμεταχείριστον
1264 854 1520 924 μέγεθος,
1556 856 1747 929 ἐπειδὴ
1780 859 1931 911 πᾶσα

349 935 450 1004 μὲν
483 935 928 1026 ἀρχὴρυσχερής
951 954 967 971 ⁸
1001 941 1098 994 καὶ
1133 944 1374 1014 πάντων,
1407 947 1712 1016 ἀνθρώπων
1740 949 1795 1002 δὲ
1827 950 1931 1018 μά-

345 1027 527 1092 λιστα,
556 1028 664 1096 ὅσῳ
683 1029 779 1082 καὶ
812 1031 1003 1101 θηρίου
1034 1033 1687 1111 δυσμιταχειριστότερον
1710 1039 1926 1111 ἄνθρω-

348 1135 469 1186 πος,
509 1122 648 1174 κατὰ
678 1122 768 1174 τὸν
793 1124 1020 1178 εἰπόντα
1051 1127 1238 1194 σοφὸν,
1301 1129 1389 1183 διὰ
1434 1131 1534 1200 τὴν
1598 1133 1785 1203 πηγὴν
1832 1131 1928 1186 τοῦ

346 1216 568 1281 φρονεῖν
593 1231 609 1247 ·
647 1216 744 1268 καὶ
785 1217 883 1270 σὺν
912 1217 1088 1288 τούτῳ
1126 1220 1418 1290 βλέποντες
1442 1224 1542 1296 τὴν
1600 1229 1711 1289 τοίς
1763 1226 1932 1297 ῥᾳθύ-

349 1322 471 1376 μοις
524 1307 892 1378 ὲγγινομένην
952 1311 1205 1366 ἐντεῦθεν
1269 1314 1479 1387 βλάϐην
1509 1356 1525 1382 ,
1579 1317 1798 1382 ἑαυτοῖς
1854 1318 1931 1391 μὴ

287 1461 296 1474 θ
345 1396 702 1467 προσέχουσι,
737 1401 831 1452 καὶ
855 1400 935 1470 τῷ
963 1401 1115 1472 καλῷ
1139 1404 1213 1474 μὴ
1244 1405 1429 1471 καλῶς
1458 1409 1705 1478 χρήματι
1730 1427 1930 1480 κεχρη-

348 1492 552 1559 μένοις,
589 1494 795 1548 καὶτὸν
821 1497 956 1550 Θεὸν
987 1500 1389 1567 παροξύνουσιν
1416 1504 1516 1555 οὐκ
1565 1504 1622 1556 ὲν
1676 1503 1755 1574 τῷ
1803 1504 1931 1573 μέλο

343 1582 488 1637 λοντι
524 1587 688 1652 μόνον
719 1588 898 1654 αἰῶνι,
935 1589 1071 1645 ἀλλά
1097 1593 1192 1646 καὶ
1218 1595 1274 1647 ὲν
1309 1595 1382 1665 τῷ
1409 1596 1660 1667 παρόντι,
1716 1598 1932 1662 τούτοις

343 1675 668 1731 ἀποδιδόντα
687 1683 828 1734 κατὰ
859 1683 928 1740 τά
959 1683 1099 1752 ἔργα
1127 1687 1308 1739 αὐτῶν
1336 1703 1351 1718 ·
1383 1689 1520 1760 ὅπερ
1550 1689 1638 1742 ἵνα
1688 1690 1762 1760 μὴ
1821 1692 1930 1745 πά-

343 1765 546 1836 θωμεν,
578 1768 833 1839 ἑλώμεθα
859 1772 1063 1842 μᾶλλον
1088 1775 1390 1842 ἀκινδύνως
1442 1779 1733 1848 ἄρχεσθαι,
1762 1780 1792 1851 ἢ
1833 1782 1934 1853 ἄρ-

341 1875 460 1928 χειν
486 1861 844 1926 ἐπικινδύνως
877 1881 893 1897 ’
917 1867 1257 1939 κερδήσομεν
1277 1872 1386 1942 γὰρ
1431 1873 1684 1929 ἐντεῦθεν
1715 1874 1810 1927 καὶ
1832 1876 1933 1945 τὴν

2049 675 2269 732 actibus
2319 675 2513 731 multis
2561 691 2791 746 paucos,
2821 691 3138 747 quanquam
3176 679 3438 748 praesenti
3469 679 3628 734 lucu-

2048 774 2304 831 bratione
2336 775 2614 845 occupati.
2646 772 2754 828 Sed
2792 775 2866 828 rei
2903 773 3324 828 consideramus
3356 789 3626 828 summam

2049 867 2425 935 arduitatcm;
2481 867 2744 939 quoniam
2791 868 2975 923 omnis
3017 867 3324 922 dominatio
3365 867 3626 929 diﬂicilis,

2045 960 2335 1015 hominum
2369 971 2552 1014 autem
2597 961 2870 1024 maxime;
2906 970 3116 1030 quanto
3147 959 3362 1014 scilicet
3395 961 3479 1014 vel
3514 961 3628 1016 fera

2047 1052 2462 1108 intractabilior
2491 1063 2576 1107 est
2602 1052 2794 1116 homo,
2839 1062 3005 1122 prout
3053 1053 3191 1106 dixit
3223 1054 3466 1121 sapiens,
3499 1068 3626 1120 pro-

2047 1155 2172 1216 pter
2203 1145 2409 1215 ingenii
2461 1145 2921 1214 profnnditaten't.
2967 1145 3257 1214 Simulque
3302 1145 3627 1199 observavi-

2045 1251 2168 1291 mus
2201 1235 2464 1290 damnum
2504 1236 2633 1290 hinc
2676 1235 3011 1290 socordibus
3048 1237 3334 1299 eveniens,
3367 1235 3462 1304 qui
3517 1237 3625 1289 sibi

2041 1327 2268 1381 minime
2299 1327 2612 1392 attendunt,
2647 1336 2702 1380 et
2741 1326 2972 1395 pulchra
3011 1342 3067 1380 re
3092 1341 3201 1379 non
3236 1335 3472 1380 utuntur
3504 1327 3626 1395 pul-

2045 1416 2215 1482 chre;
2251 1423 2308 1470 et
2339 1415 2510 1469 Deum
2542 1415 2790 1476 irritant.
2824 1400 2935 1470 non
2968 1417 3022 1470 in
3061 1416 3249 1471 futuro
3280 1426 3494 1471 tantum
3523 1435 3626 1471 sie-

2040 1508 2187 1570 culo,
2211 1522 2409 1560 verum
2437 1507 2603 1560 etiam
2635 1505 2690 1560 in
2724 1507 3007 1576 praesenti,
3035 1508 3129 1577 qui
3166 1508 3267 1562 hos
3295 1523 3626 1563 remunera-

2044 1610 2134 1654 tur
2188 1599 2347 1669 juxta
2404 1614 2573 1668 opera
2631 1599 2901 1670 ipsornm.
2966 1598 3122 1664 Quod
3189 1615 3260 1654 ne
3327 1603 3624 1670 patiamur,

2043 1693 2302 1748 malimus
2355 1694 2544 1763 potius
2597 1702 2716 1746 tuto
2775 1693 3044 1762 imperari
3094 1709 3258 1762 quam
3318 1695 3628 1764 periculoso

2041 1786 2334 1856 imperare.
2393 1785 2486 1840 Sic
2533 1785 2684 1839 enim
2746 1785 3044 1840 vitabimus
3090 1792 3206 1839 tum
3259 1786 3314 1840 in
3369 1789 3626 1856 praesenti

2043 1866 2183 1932 vita'
2214 1876 2435 1945 imperii
2487 1875 2754 1943 pericula,
2805 1885 2862 1930 et
2904 1876 3206 1946 repositam
3255 1876 3368 1930 illic
3401 1877 3627 1945 indigne

341 1948 667 2021 ἀπαλλαγὴν
712 1955 822 2008 τῶν
850 1957 1088 2011 ἐνταῦθα
1135 1961 1400 2018 κινδύνων
1449 1964 1538 2018 διὰ
1571 1964 1671 2036 τὴν
1730 1967 1928 2036 ἀρχὴν,

2046 1969 2364 2025 viventibus
2381 1969 2770 2024 incessabilem
2797 1969 3146 2037 ptinitionem
3169 1986 3184 2028 :
3206 1978 3375 2037 atque
3400 1970 3626 2023 aeternis

341 2040 437 2095 καὶ
476 2045 574 2112 τῆς
608 2045 986 2118 ἀποκειμένης
1024 2053 1143 2106 ἐκεῖ
1195 2056 1310 2118 τοῖς
1359 2057 1460 2111 ούκ
1509 2057 1676 2125 ἀξίως
1731 2057 1936 2131 ζήσασι

345 2133 446 2203 τῆς
467 2136 642 2208 ἀρχῆς
671 2137 1041 2213 ἀτελευτήτου
1097 2147 1376 2212 κολάσεως
1432 2151 1532 2220 τὴν
1585 2151 1785 2220 φυγὴν,
1843 2152 1939 2204 καὶ

339 2225 451 2278 τῶν
482 2230 717 2285 αἰωνίων
736 2235 828 2285 καὶ
852 2237 1027 2303 πέρας
1063 2239 1166 2292 οὐκ
1197 2243 1580 2312 ἐπισταμένων
1626 2243 1937 2297 ἀπολαύσο-

344 2334 447 2388 μεν
476 2319 702 2390 ἀγαθῶν
734 2341 751 2358 ο
796 2322 872 2380 ὦν
925 2330 1142 2397 γένοιτο
1189 2334 1404 2398 πάντας
1443 2337 1592 2404 ἡμᾶς
1656 2337 1938 2406 ἐπιτυχεῖν

340 2411 528 2481 χάριτι
555 2417 651 2468 καὶ
675 2419 1055 2492 φιλανθρωπίᾳ
1108 2425 1200 2478 τοῦ
1245 2429 1453 2496 Κυρίου
1515 2429 1679 2497 ἡμῶν
1755 2429 1936 2498 Ἰησοῦ

2045 2062 2320 2133 ﬁnemque
2348 2061 2728 2116 nescientibus
2749 2061 2910 2116 bonis
2944 2059 3218 2115 fruemur.
3245 2060 3379 2126 Quae
3414 2062 3624 2116 utinam

2042 2171 2240 2210 omnes
2265 2169 2368 2209 nos
2395 2168 2809 2223 consequamur
2858 2154 3034 2223 gratia
3065 2162 3123 2209 et
3157 2153 3499 2225 benignitate
3521 2154 3629 2205 Do-

2043 2246 2178 2302 mini
2217 2246 2392 2301 nostri
2441 2245 2569 2301 Jesu
2606 2245 2840 2308 Christi.
2891 2263 2987 2316 per
3019 2262 3187 2318 quem
3233 2257 3290 2302 et
3324 2261 3449 2301 cum
3516 2261 3628 2313 quo

2043 2336 2193 2392 Patri
2223 2336 2402 2407 gloria
2433 2345 2519 2392 est
2549 2351 2678 2390 cum
2721 2338 3082 2392 sanctissimo
3119 2336 3338 2406 Spiritu
3389 2352 3542 2391 nunc
3572 2346 3629 2388 et

2043 2444 2142 2498 per
2168 2428 2354 2482 omnia
2388 2426 2591 2482 saecula
2623 2427 2982 2482 saeculorum.
3017 2428 3217 2484 Amen.

345 2503 388 2557 Χ
400 2508 610 2573 ριστοῦ,
647 2509 714 2563 δι’
737 2507 797 2567 οὗ
827 2516 922 2568 καὶ
951 2519 1072 2588 μεθ’
1099 2513 1160 2573 οὗ
1182 2520 1261 2592 τῷ
1292 2523 1523 2594 Πατρὶὴ
1553 2522 1679 2592 δόξα
1709 2523 1831 2595 ἅμα
1895 2524 1973 2595 τῷ
2013 2523 2270 2593 παναγίῳ
2296 2521 2583 2592 Πνεύματι
2635 2519 2732 2573 νῦν
2765 2522 2861 2574 καὶ
2886 2521 2994 2586 ἀεὶ,
3024 2520 3121 2575 καί.
3159 2521 3242 2584 εἰς
3266 2519 3396 2585 τοὺς
3422 2519 3630 2583 αἰῶνας

344 2601 455 2656 τῶν
489 2604 720 2663 αἰώνων.
758 2611 956 2684 Ἀμήν.

555 2769 933 2828 ΔΙΑΛΕΞΕΩΣ
988 2779 1252 2835 οΓΔοΗΣ
1296 2783 1564 2838 ΗΘΙΚΟΝ
1609 2786 1708 2857 (1).

345 2904 485 2989 Hegi
510 2905 924 2989 τῶνφρικζῶζ
957 2912 1055 2967 καί
1085 2915 1264 2989 θρίων
1310 2917 1412 2972 καὶ
1459 2919 1783 2988 ἀχράντων.
1832 2920 1932 2976 καὶ

445 2981 711 3060 ωοποιῶν
732 2981 1137 3060 τοῇΑΧοιστοιξ
1184 2981 1551 3060 μυστηρίωόῗ
1573 3007 1588 3020 ο
1622 2989 1719 3043 καί
1769 2991 1859 3045 ὅτι
1893 2993 1932 3060 ἠ

415 3048 1013 3132 τούτων-,μετάξηψις
1034 3055 1161 3122 τοῖς
1184 3048 1306 3132 iter
1343 3048 1540 3126 ἀξίοις
1558 3061 1689 3114 ἐστί
1732 3048 1929 3132 σωτη-ἰ

408 3115 538 3184 pla,
568 3115 694 3187 τοῖξ
714 3120 786 3174 δὲ
822 3115 1100 3193 ἀκὰξῖοις
1135 3115 1424 3196 ’κὸλασιςξ

416 3257 487 3304 α’.
521 3253 722 3307 Σκόπει
751 3272 814 3325 γε
847 3257 958 3328 μὴν
989 3260 1234 3328 κάκεῖνο,
1267 3262 1350 3317 ὅτι
1380 3263 1530 3334 λέγει
1551 3264 1646 3318 νῦν
1677 3267 1931 3338 φανερῶς

345 3345 600 3418 περὶτῆς
633 3353 906 3422 μυστικῆς
927 3355 1288 3426 μεταλήψεως
1311 3356 1406 3411 τοῦ
1440 3359 1628 3430 τιμίου
1681 3360 1932 3431 σώματος

345 3438 514 3492 αὐτοῦ
546 3443 642 3496 καὶ
690 3441 956 3504 ζωοποιοΰ
993 3447 1291 3519 ’καθάπερ
1343 3450 1452 3520 γάρ
1499 3453 1614 3506 ἐστι
1665 3452 1934 3517 ζωοποιδς

346 3531 492 3585 κατά
526 3535 689 3601 φύσιν
717 3536 744 3588 ὁ
773 3539 1071 3609 μονογενὴς
1099 3540 1192 3593 τοῦ
1217 3541 1353 3595 Θεοῦ
1377 3541 1508 3606 Υἰός
1534 3561 1594 3596 τε
1613 3543 1708 3597 καί
1736 3546 1931 3615 Λόγος,

345 3622 491 3678 οὕτω
520 3625 582 3696 δὴ
618 3629 712 3681 καὶ
735 3630 854 3700 τὴν,
897 3625 1010 3704 ἐνῇ
1068 3630 1356 3702 κατῴκησε
1403 3635 1604 3704 σάρκα,
1670 3639 1935 3700 ζωοποιὸν

349 3717 655 3784 ἀπέδειξεν,
694 3720 814 3784 ὅλος
865 3723 1007 3776 κατά
1032 3723 1123 3778 τὸν
1153 3726 1394 3796 ἇρῤητον
1417 3729 1514 3796 τῆς
1545 3729 1791 3794 ἐνώσεως
1849 3731 1936 3784 λό-

348 3824 448 3872 γον
480 3809 656 3884 ταύτῃ
695 3815 1084 3884 συμϐεϐηκὼς,
1135 3821 1230 3872 καὶ
1283 3824 1701 3888 μετασκευάσας
1765 3824 1936 3892 αὐτὴν

349 3905 433 3966 είς
463 3904 522 3957 τὸ
548 3905 678 3959 ἴδιον
703 3907 902 3975 ἀγαθὸν
931 3911 1050 3979 ἧτοι
1092 3911 1191 3979 τὴν
1239 3913 1388 3982 ζωήν
1414 3930 1439 3971 1
1493 3914 1579 3968 διὰ
1637 3915 1792 3967 τοῦτο
1840 3915 1937 3967 καὶ

350 3994 757 4062 ζωοποιεῖτοὺς
787 4001 1116 4071 μετέχοντας
1153 4003 1346 4061 αὑτοῦ.
1373 4005 1433 4057 τὸ
1472 4008 1744 4073 πανὰγιον
1768 4006 1935 4074 σῶμα

351 4087 614 4156 Χριστοῦ,
644 4094 736 4143 τὸν
769 4092 1021 4149 ,θάνατον
1081 4097 1385 4162 ἐξελαῦνον,
1427 4101 1521 4151 καὶ
1565 4098 1788 4163 ὲξιστῶν
1838 4103 1938 4168 τὴν

351 4183 586 4248 φθορὰν,
618 4184 712 4237 {ita
737 4187 800 4254 δὴ
842 4191 932 4239 τὸν
956 4189 1054 4257 τὴν
1109 4189 1318 4260 φθορὰν
1349 4192 1570 4253 τελείως
1602 4193 1938 4260 ἀφανίζοντα

348 4274 512 4341 λόγον
563 4277 752 4331 ὡδῖνον
785 4281 839 4329 ἐν
871 4281 1052 4350 ἐαυτῷ
1098 4298 1109 4310 ·
1144 4281 1171 4332 ὁ
1205 4283 1308 4350 γὰρ
1341 4281 1503 4350 ἄρτος
1543 4285 1568 4333 ὁ
1597 4285 1654 4334 ὲν
1686 4285 1795 4345 τοῖς
1831 4301 1936 4350 μυ·

350 4369 598 4438 στηρίοις
633 4373 724 4438 ὑφ’
745 4373 904 4440 ἡμῶν
930 4375 1270 4440 ἐσθιόξλειιος,
1302 4375 1396 4427 καὶ
1427 4377 1454 4427 6
1482 4372 1625 4438 οἰνος
1658 4377 1685 4428 ὁ
1709 4376 1936 4443 πινόμε-

2330 2777 2683 2839 SERMONIS
2714 2777 2970 2837 OCTAVI
3010 2775 3340 2835 ETHlCON.

2042 2919 2119 2974 De
2169 2918 2458 2972 tremendis
2492 2925 2542 2970 et
2591 2917 2784 2971 divinis
2819 2916 3286 2984 immaculatisque
3317 2932 3380 2968 ac
3411 2913 3630 2979 vivi/ic’s

2117 2988 2310 3044 Christi
2347 2989 2632 3056 mysteriis.
2662 2987 2732 3040 Et
2761 2992 2901 3057 quod
2923 2993 3112 3041 horum
3141 2986 3406 3054 susceptio
3455 2985 3630 3057 dignis

1952 3101 2000 3166 Ω
2117 3059 2218 3127 ﬁat
2249 3060 2305 3114 in
2333 3060 2588 3123 salutem,
2617 3058 2849 3128 indignis
2881 3067 3060 3112 autem
3092 3057 3146 3111 in
3178 3071 3412 3128 pinnam.

2107 3265 2158 3319 ἰ.
2199 3263 2359 3319 Nunc
2410 3271 2468 3318 et
2498 3260 2635 3316 illud
2663 3259 2812 3327 vide,
2840 3259 2989 3331 quod
3023 3275 3226 3330 nempe
3270 3259 3325 3314 in
3354 3257 3624 3330 praesenti

2038 3355 2290 3424 loquitur
2317 3353 2611 3408 manifeste
2643 3352 2712 3407 de
2753 3351 2980 3421 pretiosi
3032 3365 3097 3405 ac
3141 3350 3346 3406 viviﬁci
3375 3349 3628 3419 corporis

2039 3449 2127 3503 sui
2185 3447 2418 3519 mystica
2477 3445 2899 3500 communione.
2962 3444 3122 3499 Sicut
3159 3443 3308 3499 enim
3369 3442 3626 3497 viviticus

2040 3549 2236 3606 suapte
2278 3546 2475 3591 natura
2509 3547 2596 3591 est
2634 3534 2956 3605 unigenitns
3005 3534 3102 3589 Dei
3145 3533 3320 3587 Filius
3371 3547 3438 3586 ac
3492 3531 3626 3585 \‘cr—

2039 3631 2198 3696 bum,
2245 3629 2324 3684 sic
2379 3628 2549 3683 etiam
2597 3627 2767 3691 illam,
2817 3628 2874 3681 in
2930 3641 3038 3695 qua
3073 3625 3365 3689 habitavit,
3399 3638 3626 3677 carnem

2039 3722 2320 3776 viviticam
2348 3721 2555 3783 eﬁ‘ccit,
2593 3735 2718 3774 cum
2753 3719 2802 3772 ei
2843 3734 2903 3772 se
2935 3728 3110 3772 totum
3164 3733 3264 3786 per
3287 3714 3626 3771 ineﬂabilem

2041 3815 2269 3869 unionis
2323 3815 2600 3866 rationem
2643 3812 2956 3879 conjunxit,
3000 3812 3366 3878 eamdemque
3420 3808 3486 3862 ad
3541 3809 3629 3862 sui

2041 3906 2216 3974 ipsius
2254 3903 2671 3964 excellentiam,
2698 3904 2860 3957 idest
2886 3902 3291 3956 vitamextulit.
3327 3901 3625 3969 Propterea

2039 4000 2206 4051 etiam
2237 3997 2483 4050 viviticat
2517 3998 2602 4050 sui
2636 3995 2938 4065 participes
2969 3995 3388 4049 sanctissimum
3417 3982 3626 4048 Christi

2039 4107 2266 4161 corpus,
2319 4099 2554 4144 mortem
2618 4089 2846 4157 pellens.
2913 4088 3332 4156 corruptionem
3397 4087 3628 4142 submo-

2041 4201 2222 4239 vens:
2274 4184 2482 4252 quippe
2527 4183 2675 4251 quod
2732 4181 3168 4251 peremptorium
3221 4194 3454 4249 prorsus
3503 4195 3630 4234 cor-

2043 4278 2322 4346 ruptionis
2356 4275 2596 4330 Verbum
2633 4276 2687 4328 in
2734 4289 2794 4330 se
2826 4284 3027 4344 gestat.
3085 4274 3299 4326 Etenim
3335 4274 3493 4341 panis
3534 4273 3626 4340 qui

2043 4387 2074 4424 a
2114 4369 2280 4424 nobis
2330 4369 2384 4422 in
2433 4369 2715 4438 mysteriis
2749 4366 3083 4425 comeditur,
3119 4375 3181 4419 et
3232 4365 3425 4419 vinum
3477 4365 3628 4431 quod

351 4479 440 4522 νος
478 4461 681 4529 ὁμοίως
715 4465 814 4516 σὺν
851 4464 1025 4530 ὕδατι,
1060 4468 1158 4519 οὐκ
1215 4469 1484 4520 ἁντίτυπά
1512 4469 1627 4519 ἐστι
1683 4469 1785 4535 τῆς
1840 4466 1934 4519 τοῦ

2045 4478 2187 4532 aqua
2219 4460 2461 4515 immista
2495 4460 2701 4529 pariter
2728 4458 2994 4522 bibimus,
3027 4456 3176 4510 haud
3219 4467 3348 4512 sunt
3377 4455 3627 4524 proiecto

348 4553 562 4621 Κυρίου
593 4558 794 4623 σαρκὸς
812 4557 904 4608 τοῦ
937 4556 1195 4624 αἵματος,
1220 4558 1335 4610 ἀλλ’
1365 4558 1503 4626 αὐτὴ
1535 4560 1568 4627 ἡ
1597 4556 1692 4609 τοῦ
1727 4556 1932 4626 Κυρίου

353 4646 495 4714 σὰρξ
517 4648 609 4698 καὶ
635 4648 694 4700 τὸ
724 4642 867 4716 αἷμα
903 4665 915 4677 '
941 4650 1038 4717 οὐχ
1061 4651 1142 4700 ὅτι
1175 4649 1306 4701 αὐτὸ
1338 4648 1397 4701 τὸ
1431 4647 1746 4717 ἀναληφθὲν
1776 4649 1937 4717 σῶμα

348 4737 412 4801 ὲξ
433 4739 665 4805 ούρανοῦ
692 4739 1045 4811 κατέρχεται,
1070 4741 1188 4793 ἀλλ’
1223 4743 1303 4794 ὅτι
1337 4741 1501 4804 αὐτὸς
1527 4742 1553 4791 ὀ
1582 4740 1746 4809 ἄρτος
1773 4740 1867 4792 καὶ
1910 4740 1938 4792 6

347 4827 490 4892 οἶνος
522 4830 556 4882 ἆ
581 4848 636 4883 ια
666 4831 742 4898 τῷ
786 4830 941 4883 ὕδατι
976 4833 1110 4898 πρὸς
1137 4832 1296 4898 σῶμα
1343 4831 1439 4884 καὶ
1496 4825 1637 4899 αἷμα
1699 4825 1938 4899 Χριστοῦ

349 4923 636 4989 ἡνωμένον
665 4923 884 4992 θεότητι
918 4923 1365 4991 μεταποιοῦνται,
1387 4924 1461 4985 ὼς
1482 4923 1544 4976 τὸ
1569 4925 1634 4976 ὲκ
1656 4922 1755 4990 τῆς
1775 4921 1940 4989 ἁγίας

348 5015 636 5084 Παρθένου
674 5015 835 5085 σῶμα
865 5015 1046 5084 λόγοις
1093 5017 1436 5087 ἀπορρήτοις
1467 5016 1556 5068 διά
1586 5016 1690 5082 τῆς
1749 5031 1944 5084 μυστι-

351 5111 460 5177 κῆς
494 5110 743 5178 εὐλογίας
803 5112 899 5164 καὶ
927 5113 1327 5182 ἐπιφοιτήσεως
1358 5110 1449 5163 τοῦ
1501 5110 1658 5178 ἁγίου
1689 5106 1942 5175 Πνεύμα-

350 5219 467 5263 τος.
499 5203 572 5254 Ού
604 5202 711 5268 γὰρ
741 5197 895 5254 εἷπεν
945 5204 972 5254 ὁ
1012 5202 1241 5271 Κύριος,
1274 5203 1355 5255 ὅτι
1393 5201 1454 5254 Ὅ
1487 5203 1652 5272 ἄρτος
1710 5199 1769 5252 ὃν
1826 5196 1940 5266 ἐγὼ

352 5295 537 5359 δώσω,
569 5295 862 5349 ἀντίτυπόν
895 5296 1014 5350 ἐστι
1043 5297 1144 5364 τῆς
1177 5295 1380 5366 σαρκός
1405 5311 1532 5365 μου,
1587 5293 1703 5347 ἀλλ’
1738 5295 1771 5364 ὴ
1805 5291 1942 5359 σάρξ

431 5475 506 5542 (Ι)
547 5475 685 5531 Tres
717 5475 850 5528 mihi
891 5475 942 5528 in
984 5475 1240 5529 manibus
1274 5483 1404 5527 sunt
1436 5473 1783 5527 Constantini
1821 5472 1938 5526 Ma-

356 5547 449 5612 gni
513 5547 668 5609 Vitae,
741 5561 880 5615 quas
937 5546 992 5599 in
1057 5545 1338 5599 Vaticanis
1387 5544 1673 5615 codicibus
1731 5543 1936 5615 reperi.

362 5616 559 5670 lltrum
616 5613 771 5670 vero
809 5619 863 5669 in
916 5631 1110 5670 earum
1179 5631 1415 5668 numero
1459 5615 1532 5668 sit
1587 5614 1722 5678 Ita-c,
1779 5613 1938 5682 cujus

360 5702 424 5742 se
456 5696 740 5742 auctorem
776 5686 1104 5741 Theodorus
1143 5695 1334 5741 noster
1369 5687 1527 5749 dicit,
1563 5683 1690 5737 alibi
1726 5683 1942 5753 disqui-

359 5772 568 5814 remus.

437 5828 513 5898 (‘2)
562 5827 936 5898 Iiuiﬁcietltico
980 5827 1138 5898 prieit
1174 5825 1456 5898 expositio
1486 5826 1782 5880 verborum
1817 5823 1942 5898 Do-

365 5897 499 5953 mini
531 5897 676 5969 apud
710 5897 869 5954 Joan.
903 5896 1119 5964 νιίὸὶε
1160 5897 1227 5951 Et
1259 5899 1438 5967 panis,
1478 5914 1634 5968 quem
1669 5913 1762 5966 ego
1790 5896 1948 5961 dabo,

2044 4554 2234 4607 carnis
2273 4552 2674 4623 sanguinisque
2705 4549 2924 4604 Domini
2958 4551 3230 4621 antitypa,
3261 4549 3357 4605 sed
3394 4549 3629 4616 ipsumet

2047 4646 2268 4700 Domini
2301 4661 2431 4701 caro
2477 4654 2535 4700 et
2577 4645 2842 4714 sanguis:
2875 4659 2984 4697 non
3022 4643 3171 4712 quod
3213 4658 3442 4712 corpus,
3478 4645 3628 4711 quovt

2041 4737 2309 4799 sumitur,
2359 4737 2430 4790 de
2486 4736 2629 4790 calo
2677 4735 2958 4801 adveniat,
2990 4735 3088 4790 sed
3125 4735 3253 4804 quia
3301 4735 3419 4803 ipse
3470 4735 3630 4802 panis

2044 4845 2170 4883 cum
2208 4830 2340 4882 vino
2375 4837 2432 4882 et
2460 4843 2606 4898 aqua
2666 4829 2721 4882 in
2753 4843 2957 4898 corpus
2989 4828 3430 4898 sanguinemque
3465 4827 3630 4881 Chri-

2043 4925 2115 4981 sti
2167 4923 2452 4985 divinitati
2503 4923 2828 4992 copulatum
2907 4933 3358 4989 convertuntur;
3419 4935 3474 4978 ut
3538 4927 3632 4979 tiat

2045 5018 2184 5073 illud
2216 5018 2288 5073 de
2317 5026 2508 5076 sancta
2546 5016 2771 5086 Virgine
2803 5025 2993 5072 natum
3035 5033 3262 5084 corpus,
3295 5018 3474 5072 modis
3507 5019 3628 5070 iue-

2045 5109 2446 5170 narrabilibus,
2485 5123 2583 5176 per
2610 5109 2902 5177 mysticam
2941 5107 3384 5162 benedictionem
3417 5119 3466 5161 ct
3502 5123 3629 5162 san-

2045 5200 2120 5254 cti
2159 5200 2407 5270 Spiritus
2445 5198 2934 5252 inter-vetationem.
2972 5197 3092 5254 Non
3127 5197 3275 5253 enim
3325 5197 3468 5252 dixit
3509 5197 3629 5249 Do-

2050 5295 2238 5348 minus
2277 5310 2291 5347 :
2329 5293 2494 5347 Panis
2538 5306 2705 5360 quem
2747 5306 2850 5359 ego
2883 5290 3050 5354 dabo,
3098 5291 3388 5361 antilypon
3446 5293 3630 5345 carnis

2045 5484 2170 5520 curo
2203 5481 2320 5518 mea
2358 5472 2432 5517 est
2465 5481 2625 5535 quam
2660 5479 2753 5532 ego
2789 5462 3047 5535 dubopro
3083 5465 3266 5517 mundi
3292 5465 3422 5518 vita.
3460 5464 3632 5517 l‘orro

2050 5549 2108 5591 ut
2140 5539 2191 5591 in
2234 5533 2561 5590 Prml‘atidne
2594 5535 2903 5597 innuimus,
2937 5533 3102 5602 hujus
3133 5537 3432 5602 przcscrtim
3457 5537 3628 5590 ethici

2045 5624 2236 5665 causa.
2270 5607 2326 5660 in
2377 5621 2487 5673 quo
2519 5613 2601 5658 est
2639 5603 3123 5673 prieclarissitnum
3163 5606 3231 5659 de
3273 5603 3374 5658 SS.
3412 5605 3630 5658 Eucha—

2050 5678 2204 5731 ristia
2267 5675 2668 5746 testimonium,
2711 5689 2836 5746 (‘iIIli
2891 5675 3181 5743 perspicua
3219 5675 3489 5746 dogmatis
3527 5679 3630 5728 do-

2047 5751 2246 5813 ctrina,
2281 5746 2398 5801 hmc
2425 5761 2526 5801 nos
2557 5743 2836 5801 Theodori
2864 5756 3122 5814 excerpta
3164 5743 3387 5818 vulgare
3436 5762 3631 5802 susce-

2045 5834 2250 5888 pimus.
