4074 6486
327 480 333 485 ,
366 430 475 495 949

1701 421 2035 485 ETHICON
2081 420 2242 486 VIII.

3545 432 3644 491 95f]

366 537 645 596 ποιεῖσθαι
675 535 1009 605 πιστεύομεν
1031 551 1045 566 ·
1083 536 1177 592 καὶ
1202 536 1403 608 ὁμοίως
1428 536 1521 590 τὸν
1562 529 1708 591 οἶνόν
1744 552 1805 589 τε
1859 536 1953 589 καὶ

2071 537 2283 599 limus;
2316 533 2617 604 vinumque
2641 550 2766 591 cum
2790 551 2931 608 aqua
2954 537 3167 607 pariter
3198 538 3249 591 in
3278 539 3602 608 sanguinem
3628 563 3643 594 :

364 632 428 686 τδ
455 630 605 703 ὕδωρ
630 632 711 694 είς
735 626 875 701 αἷμα
906 644 923 682 τ
953 629 1078 683 ἐπεὶ
1104 630 1326 683 κάκεῖνο
1351 630 1412 682 τὸ
1444 629 1606 700 σῶμα
1632 631 1699 700 τῇ
1723 632 1959 697 ἐπισκη-

366 724 531 778 νώσει
554 723 649 776 τοῦ
674 723 851 791 Λόγου
874 721 971 775 τοῦ
1005 722 1488 793 ἐπισκηνώσαντος
1514 722 1574 773 ὲν
1616 718 1765 790 αὐτῷ
1788 718 1960 772 καθα-

367 815 594 883 γιασθὲν
640 812 807 884 ἄρτος
837 815 931 866 καὶ
956 808 1101 877 οἶνος
1124 815 1216 866 καὶ
1247 812 1394 881 ὕδωρ
1426 808 1496 883 ἦν
1536 815 1604 884 τῇ
1669 812 1902 880 δυνάμει
1942 826 1958 843 ⁸

374 909 469 961 καὶ
502 908 613 975 γάρ
642 908 708 960 ὲκ
730 906 938 962 τούτων
973 908 1175 970 παντὸς
1216 907 1561 978 ἀνθρωπίνου
1615 907 1870 977 σώματος
1921 907 1956 976 ἠ

370 1000 669 1062 ὑπόστασις
700 1016 716 1031 ο
746 1002 840 1053 καὶ
876 1000 904 1052 6
939 1001 1074 1068 πρὸς
1104 1003 1278 1055 ταῦτα
1305 1001 1522 1073 βλέπων
1543 1001 1773 1072 δυνάμει
1817 1001 1957 1070 πρὸς

367 1090 461 1141 τὶν
474 1090 640 1157 ὄγκον
655 1088 749 1142 τοῦ
768 1089 1037 1159 ἡμετέρου
1064 1088 1316 1161 σώματος
1336 1091 1525 1160 βλέπει
1549 1106 1566 1124 ο
1588 1091 1671 1145 ὅτι
1697 1092 1756 1143 ὲν
1782 1091 1959 1159 τούτῳ

370 1184 551 1234 ἐκεῖνα
575 1182 865 1251 γενόμενα,
890 1182 1045 1234 τοῦτο
1069 1183 1299 1249 γίνεται,
1333 1184 1430 1236 καὶ⁵
1452 1184 1654 1255 τρόπον
1683 1182 1803 1236 τινὰ
1827 1199 1960 1236 ταυ-

369 1274 463 1326 τόν
492 1275 640 1326 ἐστιν
672 1274 902 1336 ἐκείνοις
919 1275 977 1326 τὸ
993 1273 1166 1326 ταῦτα
1186 1273 1638 1343 παραδεξάμενον
1653 1274 1835 1343 σῶμα,
1858 1273 1961 1342 τῆς

370 1367 601 1435 τρυφῆς,
632 1365 821 1436 ὥσπερ
846 1367 1084 1436 εἴρηται,
1105 1366 1242 1437 πρὸς
1262 1367 1361 1437 τὴν
1390 1365 1485 1418 τοῦ
1521 1365 1775 1437 σώματος
1800 1366 1960 1436 φύσιν

372 1455 462 1508 διὰ
488 1459 589 1527 τῆς
619 1457 975 1526 άλλοιωτικῆς
1001 1458 1287 1523 δυνάμεως
1317 1457 1671 1528 καταλλήλως
1694 1458 1961 1527 μεθιστα-

376 1550 545 1617 μένης
574 1565 588 1579 ·
614 1549 736 1602 ὅθεν
772 1549 881 1618 γὰρ
911 1550 937 1600 ὁ
956 1551 1013 1601 ὲν
1028 1548 1220 1618 ἐκείνῳ
1238 1549 1314 1620 τῷ
1329 1550 1543 1618 σώματι
1569 1550 1961 1618 μεταποιηθεὶς

372 1643 536 1709 ἄρτος
553 1642 632 1703 είς
653 1642 805 1693 θείαν
826 1642 1061 1711 μετέστη
1082 1641 1335 1710 δύναμιν,
1351 1642 1440 1696 διὰ
1458 1641 1553 1694 τοῦ
1570 1641 1734 1695 αὑτοῦ
1754 1641 1848 1694 καὶ
1868 1640 1963 1693 νῦν

372 1736 434 1785 το
452 1735 568 1786 ἴσον
589 1733 798 1801 γίνεται
832 1750 845 1763 ·
875 1735 994 1785 ἐκεῖ
1022 1750 1080 1785 τε
1108 1735 1217 1804 γάρ
1240 1736 1272 1803 ἡ
1299 1733 1391 1787 τοῦ
1411 1734 1585 1803 Λόγου
1615 1735 1777 1805 χάρις
1806 1735 1963 1801 am

342 1840 347 1843 '
378 1827 556 1879 ἐποίει
591 1825 651 1878 τὸ
683 1825 865 1895 σῶμα,
896 1819 939 1892 ᾧ
973 1828 1039 1879 ἐκ
1067 1826 1161 1878 τοῦ
1194 1827 1362 1895 ἄρτου
1394 1829 1491 1878 καί
1522 1825 1616 1878 τοῦ
1665 1828 1807 1879 οῐνου
1866 1826 1962 1879 καὶ

2060 626 2517 698 quandoquidem
2566 630 2622 681 et
2673 641 2879 696 corpus
2910 627 3069 694 illud,
3111 629 3277 685 Verbi
3324 629 3645 683 habitaculo

2059 721 2206 790 quod
2245 722 2299 775 in
2329 734 2401 776 eo
2432 718 2717 773 residebat
2752 721 3183 785 sanctiﬁcatum,
3219 722 3377 789 panis
3413 722 3644 791 vinique

2059 828 2186 867 cum
2236 829 2376 883 aqua
2427 810 2537 867 vim
2595 811 2880 866 habebat:
2924 828 3168 883 namque
3221 814 3307 867 his
3362 814 3643 867 alimentis

2059 920 2224 959 omne
2282 920 2487 975 corpus
2551 903 2859 961 humanum
2912 905 3167 959 subsistit
3213 924 3226 959 :
3286 913 3342 959 et
3395 907 3488 974 qui
3528 906 3645 959 haec

2062 1006 2298 1068 spectat,
2345 999 2695 1067 perindccst
2743 1013 2806 1050 ac
2840 998 2885 1051 si
2933 998 3188 1067 corporis
3220 999 3403 1051 nostri
3460 998 3646 1051 inere-

2061 1102 2310 1145 mentum
2351 1101 2565 1160 speetet
2613 1109 2628 1147 :
2687 1092 2821 1162 quia
2866 1088 3009 1143 intra
3059 1090 3162 1143 hoc
3215 1090 3307 1144 illa
3362 1099 3643 1157 suscepta,

2062 1197 2266 1250 corpus
2314 1198 2511 1238 revera
2560 1183 2722 1251 ﬁunt,
2768 1196 2824 1239 et
2864 1181 3010 1238 idem
3059 1182 3471 1251 quodammodo
3519 1198 3646 1235 cum

2063 1273 2176 1327 illis
2223 1275 2280 1327 ﬁt
2330 1289 2535 1342 corpus
2574 1277 2765 1330 eadem
2797 1274 3122 1345 excipiens;
3158 1274 3305 1334 cibo,
3342 1282 3403 1327 ut
3437 1275 3650 1327 dictum"

2062 1373 2168 1425 est,
2219 1366 2274 1419 in
2310 1368 2561 1435 corporis
2598 1379 2876 1442 naturam,
2907 1384 3005 1438 per
3050 1366 3161 1422 vim
3198 1365 3645 1427 cottvertiliilem,

2063 1465 2441 1523 congruenter
2491 1460 2911 1512 transformata.
2967 1460 3122 1514 Sicut
3169 1473 3306 1530 ergo
3344 1458 3398 1510 in
3443 1456 3646 1509 Christi

2065 1561 2299 1616 corpore
2348 1560 2726 1605 commutatus
2774 1553 2934 1621 panis
2970 1553 3027 1605 in
3056 1553 3298 1606 divinam
3322 1548 3435 1605 vim
3469 1559 3649 1602 trans-

2064 1641 2200 1705 ibat,
2247 1643 2323 1694 ita
2367 1651 2424 1696 et
2476 1658 2625 1697 nunc
2681 1645 2965 1713 contingit
3010 1645 3287 1699 similiter.
3342 1642 3461 1698 illis
3500 1642 3650 1694 enim

2066 1733 2240 1801 gratia
2274 1733 2435 1788 Verbi
2470 1744 2727 1788 sanctum
2752 1735 3028 1789 efﬁciebat
3051 1752 3276 1804 corpus,
3310 1737 3482 1790 cuiex
3508 1749 3650 1805 pan—6

2069 1825 2312 1895 vinoque
2336 1836 2390 1879 et
2414 1842 2557 1893 aqua
2591 1828 2955 1881 subsistentia
2977 1827 3276 1894 conﬁebat,
3307 1828 3380 1880 ita
3416 1839 3473 1880 ut
3502 1828 3645 1880 idem

377 1916 476 1970 τοῦ
505 1916 701 1980 ὓδατος
734 1920 766 1985 ἡ
803 1919 1066 1980 σύστασις
1095 1913 1186 1989 ἦν,
1215 1918 1313 1970 καὶ
1342 1917 1543 1988 τρόπον
1577 1919 1699 1971 τινὰ
1722 1919 1818 1971 καὶ
1867 1918 1962 1970 αὖ-

2071 1932 2273 1985 corpus
2307 1919 2467 1987 panis
2498 1919 2910 1987 quodammodo
2935 1935 3000 1974 ac
3026 1920 3215 1974 vinum
3238 1932 3292 1974 et
3317 1936 3456 1989 aqua
3477 1931 3645 1975 esset.

375 2010 438 2062 τὸ
478 2009 641 2077 ἄρτος
674 2011 769 2062 καὶ
793 2004 940 2070 οἶνος
973 2010 1068 2061 καὶ
1104 2007 1249 2078 ὕδωρ
1274 2004 1364 2079 ἦν,
1403 2008 1638 2063 ἐνταῦθά
1670 2027 1729 2061 τε
1783 2007 1965 2062 ὡσαύ-

375 2103 527 2164 τωςό
557 2102 721 2169 ἄρτος
751 2102 845 2152 καὶ
884 2103 910 2153 ό
944 2098 1086 2164 οἶνος
1116 2102 1209 2153 καὶ
1236 2101 1295 2153 τὸ
1338 2101 1502 2171 ὕδωρ,
1534 2102 1677 2156 καθά
1726 2119 1890 2173 φησιν
1937 2104 1965 2155 6

391 2191 730 2255 Ἀπόστολος,
769 2193 1086 2258 ἁγιάζονται
1118 2192 1207 2245 διὰ
1256 2192 1418 2259 λόγου
1449 2192 1587 2246 Θεοῦ
1645 2195 1736 2246 καὶ
1780 2194 1963 2245 ἐντεύ-

381 2281 535 2346 ξεως,
563 2284 623 2334 ού
651 2282 740 2335 διὰ
773 2281 1026 2352 βρώσεως
1052 2285 1309 2351 προϊόντα
1332 2286 1410 2347 εἰς
1435 2285 1495 2337 τὸ
1522 2286 1680 2354 σῶμα
1705 2287 1963 2373 γενέσθηι

377 2374 473 2429 ’.ιέὲ
505 2375 846 2469 .“.έζςον).,ἀ>.).’
879 2374 1141 2444 εύθὺςείς
1177 2377 1236 2433 τδ
1291 2378 1446 2451 σῶμα
1497 2379 1583 2436 εει
1625 2380 1718 2435 τοῦ
1785 2380 1961 2449 Δόῖξυ

383 2488 520 2541 μετα
533 2473 846 2541 ποιούμενα.

452 2562 514 2616 δ’·
553 2564 724 2617 Τοῦτο
755 2569 843 2616 καὶ
887 2567 976 2618 ἐπὶ
1002 2565 1097 2618 τοῦ
1126 2567 1272 2620 θείου
1301 2567 1676 2639 βαπτίσματος
1707 2574 1916 2639 γίνεται
1947 2588 1962 2605 ⁸

382 2657 445 2709 τὸ
474 2658 584 2727 γάρ
614 2659 796 2710 κοινὸν
831 2658 1000 2729 ὕδωρ,
1034 2663 1129 2714 καὶ
1160 2662 1344 2730 ὀλίγου
1373 2665 1521 2726 τινὸς
1554 2665 1706 2732 ἄξιον
1734 2668 1842 2737 πρὸ
1866 2668 1963 2737 τῆς

381 2751 655 2818 εὐλογίας,
687 2754 827 2821 μετὰ
853 2752 945 2805 τὸν
993 2755 1264 2823 ἁγιασμόν
1318 2759 1411 2811 τὸν
1450 2757 1601 2828 παρὰ
1656 2758 1750 2811 τοῦ
1815 2759 1961 2812 θείου

386 2842 701 2910 Πνεύματος
724 2844 871 2896 θεῖον
895 2845 1103 2910 γίνεται
1135 2846 1230 2898 καὶ
1259 2847 1424 2915 ἱερὸν,
1459 2848 1720 2917 ἐνεργοῦν
1753 2852 1964 2920 μεγάλα

384 2936 479 2986 καί
509 2935 821 3003 Θαυμαστὰ,
853 2936 997 3002 λέγω
1017 2937 1080 3006 δὴ
1112 2936 1382 3007 κάθαρσιν
1460 2941 1774 3012 ἁμαρτιῶν,
1835 2944 1966 2995 ἀνα-

383 3027 675 3096 καινισμὸν
707 3028 801 3081 καὶ
826 3028 1206 3098 ἀναγέννησιν,
1231 3030 1446 3093 πάντως
1471 3033 1591 3101 οὖχὶ
1621 3033 1960 3104 σωματικὴν,

383 3121 484 3174 καὶ
515 3121 579 3191 ἢν
608 3121 635 3173 6
666 3121 975 3189 Νικόδημος
1009 3121 1252 3189 ενόησεν,
1279 3122 1361 3174 ἔτι
1393 3125 1457 3193 τῇ
1488 3123 1582 3175 τοῦ
1646 3126 1815 3193 νόμου
1854 3141 1964 3176 πα-

2066 2008 2224 2063 Nnnc
2274 2020 2460 2063 autem
2498 2012 2656 2080 panis
2690 2012 2950 2068 similiter
2983 2021 3041 2067 et
3080 2013 3270 2067 vinum
3318 2027 3442 2066 cum
3480 2028 3644 2079 aqua,

2066 2099 2212 2154 sicut
2258 2099 2335 2152 ait
2376 2100 2676 2170 Apostolus
2700 2104 2749 2167 ’⁵,
2795 2102 3220 2157 sanctiﬁcantur
3273 2117 3373 2172 per
3413 2102 3643 2155 verbum

2065 2192 2162 2245 Dei
2195 2204 2251 2247 et
2291 2194 2644 2261 orationem;
2679 2210 2860 2264 neque
2897 2198 3012 2251 haec
3040 2203 3223 2249 tamen
3260 2196 3310 2248 vi
3344 2195 3647 2248 manduca-

2066 2283 2238 2338 tionis
2275 2285 2328 2338 in
2361 2299 2565 2354 corpus
2600 2286 2758 2340 Verbi
2787 2296 3099 2354 transeunt,
3135 2286 3230 2342 sed
3264 2286 3412 2341 illico
3446 2287 3499 2339 in
3525 2300 3647 2339 cor-

2067 2389 2170 2447 pus
2202 2391 2230 2429 a
2262 2375 2442 2430 Verbo
2470 2390 2902 2434 conunurantm.

2136 2560 2190 2613 4.
2236 2559 2349 2613 Hoc
2384 2561 2548 2613 etiam
2586 2560 2640 2613 in
2689 2560 2880 2615 divino
2916 2561 3250 2629 baptismate
3291 2560 3510 2617 accidit.
3546 2540 3641 2615 Et;

2066 2652 2215 2705 enim
2245 2667 2365 2720 qna-
2405 2653 2646 2722 vulgat-is
2690 2663 2814 2707 erat
2849 2654 3087 2723 vilisque
3132 2652 3294 2723 pretii
3340 2670 3478 2724 aqua
3516 2663 3645 2708 ante

2068 2744 2559 2810 benedictionem,
2614 2753 2739 2812 post
2798 2745 3300 2800 sanetiﬁcationem
3358 2761 3387 2799 a
3455 2746 3645 2799 divino

2062 2828 2279 2904 Spiritu
2312 2835 2591 2896 collatam,
2622 2835 2807 2888 divina
2833 2850 3101 2905 sacraque
3126 2835 3206 2899 fit,
3234 2851 3429 2904 magna
3454 2844 3510 2889 ct
3544 2837 3647 2890 η’ιί-

2067 2926 2260 2980 rabilia
2279 2941 2534 2995 cperans,
2556 2928 2962 2996 purgationem,
2990 2927 3240 2997 inquam,
3262 2938 3638 2998 peccatorum,

2066 3006 2507 3075 renovatione-tn.
2535 3028 2592 3073 et
2640 3020 3158 3089 regenerationem;
3192 3021 3338 3076 haud
3394 3020 3644 3091 profecto

2067 3111 2438 3181 corporalem,
2464 3111 2532 3166 de
2562 3126 2668 3181 qua
2694 3110 3030 3166 Nieodemus
3056 3112 3359 3182 cogitabat,
3390 3108 3486 3181 qui
3511 3111 3648 3181 legis

388 3208 776 3276 ρακαθήμενος
824 3208 973 3277 σκιᾷ,
1013 3209 1107 3260 καὶ
1142 3204 1308 3278 μηδὲν
1336 3210 1540 3281 ὑψηλὸν
1593 3212 1966 3280 φαντασθῆναι

2072 3205 2254 3258 adhuc
2282 3204 2492 3259 umbra:
2519 3203 2859 3267 adhaerebat,
2903 3204 3155 3273 nihilque
3186 3204 3466 3257 excelsum
3500 3203 3610 3256 ima
3630 3231 3647 3242 —

383 3297 701 3369 ὃγνάμενος,
734 3298 867 3350 ἀλλὰ
898 3300 1057 3368 ξένην
1085 3303 1205 3353 τινὰ
1227 3302 1319 3352 καὶ
1358 3302 1842 3372 παρηλλαγμένην,
1873 3304 1967 3356 καὶ

385 3389 687 3458 ὀφθαλμοῖς
719 3391 818 3459 μὲν
842 3390 1093 3457 οὐδαμῶς
1130 3391 1499 3465 βλεπομένην,
1534 3396 1712 3466 ἐννοίᾳ
1737 3396 1793 3448 δὲ
1833 3398 1969 3469 μόνῃ

388 3482 800 3552 θεωρουμένην,
828 3485 920 3535 καὶ
951 3483 1120 3546 ὅντως
1140 3485 1296 3548 οξίαν
1327 3485 1420 3536 τοῦ
1463 3485 1668 3557 ταύτην
1691 3489 1824 3555 ἡμῖν
1874 3506 1970 3558 χαι

392 3578 693 3647 ρισαμένου
720 3575 987 3650 Χριστοῦ,
1016 3577 1082 3628 δι’
1112 3578 1261 3643 ἡμᾶς
1288 3579 1570 3645 γεγονότος
1621 3580 1743 3632 καθ’
1779 3582 1926 3650 ἡμᾶς
1949 3596 1967 3613 ⁸

390 3671 504 3736 ἵνα,
528 3667 719 3738 ὥσπερ
751 3667 1225 3736 ἐπεϐουλεύθημεν
1264 3668 1432 3721 πάλαι
1465 3670 1603 3737 μετὰ
1661 3673 1761 3738 τῆς
1813 3670 1971 3742 μερί-

395 3779 538 3830 μνης
561 3759 656 3812 τοῦ
706 3762 1148 3829 κακουργοῦντος
1210 3762 1529 3830 ὑποχθονίου
1583 3763 1833 3833 δαίμονος
1877 3765 1971 3815 καὶ¹

396 3853 675 3923 μοχθηροῦ
712 3855 806 3906 καὶ
864 3853 1162 3922 βασκάνου,
1196 3854 1570 3923 προκάλυμμα
1624 3856 1720 3924 τῆς
1774 3857 1969 3909 ἑαυτοῦ

391 3946 619 4015 γνώμης
644 3945 796 4007 ἄξιον
818 3947 1113 4014 εὑρηκότος
1146 3948 1236 3998 τὸν
1260 3948 1402 4013 ὅφιν,
1432 3948 1604 4017 ὁμοίῳ
1647 3963 1707 3999 τε
1758 3949 1972 4017 ἑρπετῷ

392 4039 801 4106 ὲνοικήσαντος,
826 4039 919 4090 καὶ
945 4039 1033 4090 διὰ
1071 4037 1264 4090 τούτου
1292 4042 1388 4108 τὴν
1433 4041 1575 4093 κατὰ
1628 4037 1721 4091 τοῦ
1777 4043 1971 4108 γένους

393 4129 554 4200 ἡμῶν
613 4128 891 4202 ἁμαρτίαν
957 4132 1471 4200 καινοτομήσαντος,
1525 4129 1699 4193 οὕτως
1748 4132 1974 4204 ὕστερον

396 4223 662 4290 σωθῶμεν
695 4222 835 4293 μετὰ
873 4222 974 4289 τῆς
1015 4225 1299 4291 φροντίδος
1352 4223 1447 4275 τοῦ
1491 4224 1826 4293 δημιουργοῦ
1879 4228 1974 4280 καὶ

396 4310 789 4382 φιλανθρώπου
820 4308 958 4361 Θεοῦ
1006 4310 1208 4361 τέλειον
1245 4308 1531 4377 ἄνθρωπον
1592 4310 1971 4377 ἀναλαϐόντος,

397 4406 494 4458 καὶ
525 4404 671 4457 οὕτω
700 4402 797 4473 τὴν
827 4400 922 4456 τοῦ
946 4402 1146 4470 ἐχθροῦ
1182 4400 1449 4471 πονηρίαν
1470 4401 1973 4471 ὲπανορθὼσαντος,

398 4496 495 4551 καὶ
526 4494 997 4565 αύτουργήσαντος
1020 4493 1120 4563 τὴν
1144 4493 1305 4561 ἡμῶν
1342 4492 1619 4561 σωτηρίαν
1644 4506 1660 4521 ·
1694 4492 1785 4544 τὸν
1813 4492 1976 4545 αὐτὸν

2071 3299 2246 3368 ginari
2301 3297 2558 3352 valebat:
2592 3296 2688 3351 sed
2724 3298 3083 3367 peregrinam
3127 3296 3425 3364 quamdam
3460 3294 3650 3349 diver-

2071 3404 2334 3457 samque;
2397 3397 2453 3442 et
2512 3387 2691 3442 oculis
2742 3403 2875 3440 sane
2926 3386 3286 3450 invisibiletn,
3344 3387 3461 3439 sola
3517 3401 3650 3440 vero

2073 3490 2259 3533 mente
2285 3478 2644 3547 spectabilem
2670 3493 2685 3544 ;
2712 3491 2953 3546 vereque
2975 3477 3196 3545 dignam
3226 3475 3451 3531 Christo
3473 3475 3649 3546 ipsam

2073 3572 2340 3635 donante,
2391 3573 2483 3640 qui
2536 3571 2710 3625 nostri
2757 3571 2931 3639 gratia
2981 3569 3162 3624 factus
3193 3578 3280 3624 eSt
3321 3569 3467 3624 sient
3509 3570 3652 3622 unus

2073 3662 2140 3716 de
2175 3661 2355 3714 nobis.
2409 3658 2479 3714 Ut
2524 3662 2669 3713 sicut
2704 3660 2836 3713 olim
2875 3659 3097 3712 insidiis
3129 3659 3495 3713 circumventi
3543 3658 3654 3712 fni-

2074 3769 2218 3819 mus,
2255 3752 2493 3806 artiﬁcio
2522 3752 2753 3804 maleﬁci
2788 3751 3076 3804 infernalis
3105 3749 3387 3813 draconis,
3417 3750 3651 3819 improbi

2074 3855 2130 3898 et
2163 3843 2356 3909 invidi,
2385 3843 2479 3912 qui
2513 3844 2839 3911 Operculum
2874 3850 3058 3895 mente
3091 3855 3190 3895 sua
3228 3840 3457 3912 dignum
3495 3841 3655 3895 adin-

2073 3936 2229 3990 venit
2257 3942 2596 4001 serpentem,
2624 3943 2681 3987 et
2717 3934 2774 3988 in
2803 3932 2971 3988 simili
2998 3934 3101 3988 sibi
3128 3934 3315 4003 reptili
3348 3932 3651 3997 habitavit;

2075 4038 2132 4083 ct
2160 4028 2324 4098 hujus
2353 4041 2521 4096 opera
2558 4027 2740 4096 primo
2765 4025 2819 4078 in
2856 4033 3112 4079 nostrum
3143 4040 3317 4094 genus
3343 4025 3656 4079 introduxit

2078 4128 2400 4190 peccatum;
2444 4120 2522 4173 sic
2569 4135 2669 4173 nos
2707 4128 2899 4189 postea
2929 4132 3062 4171 cura
3105 4119 3376 4172 creatoris
3403 4117 3652 4172 clemen-

2081 4214 2259 4282 tisque
2313 4211 2430 4275 Dei,
2473 4211 2567 4280 qui
2622 4211 2930 4279 perfectum
2978 4208 3263 4263 hominem
3314 4208 3655 4276 assumpsit,

2081 4314 2246 4374 atque
2299 4304 2371 4358 ita
2418 4303 2632 4358 inimici
2676 4302 2944 4356 malitiam
2992 4301 3256 4369 correxit,
3291 4311 3657 4369 nostramque

2079 4399 2312 4452 salutem
2357 4407 2619 4465 operatus
2661 4407 2774 4460 esu
2826 4394 3243 4464 pari,inquam,
3287 4392 3450 4447 modo
3498 4394 3659 4462 panis

2081 4503 2305 4558 qmique
2343 4498 2400 4543 et
2429 4487 2620 4542 vinum
2655 4499 2781 4541 eum
2819 4498 2983 4554 aqua,
3009 4499 3135 4554 quas
3160 4493 3324 4538 antea
3369 4497 3458 4537 res
3504 4497 3658 4536 com-

399 4586 497 4645 οὖν
521 4589 723 4658 τρόπον
749 4588 844 4640 καὶ
870 4589 896 4638 6
926 4586 1087 4655 ἄρτος
1119 4586 1213 4637 καὶ
1244 4585 1271 4637 ό
1302 4582 1445 4647 οἶνος
1503 4586 1622 4653 ἅμα
1673 4584 1751 4656 τῷ
1794 4583 1967 4649 θδατι1

2086 4582 2272 4636 munis
2302 4590 2491 4644 erant,
2522 4588 2815 4650 postquam
2845 4593 2909 4632 ea
2941 4577 3264 4648 mysterium
3297 4588 3661 4630 consecrave-

400 4682 560 4735 κοινὰ
587 4679 853 4749 πρότερον
870 4677 1023 4739 ὄντα,
1048 4676 1175 4729 ὅταν
1198 4678 1338 4728 αὐτὰ
1357 4677 1417 4729 τὸ
1443 4680 1739 4746 μυστήριον
1764 4676 1976 4747 ίερουρα

402 4774 573 4845 γήσῃ,
603 4771 764 4842 σῶμα
802 4772 893 4824 καὶ
939 4763 1077 4839 αἷμα
1127 4769 1367 4837 γίνονται
1416 4769 1510 4822 τοῦ
1558 4769 1820 4838 Χριστοῦ,
1875 4771 1976 4840 τῆς

401 4867 614 4921 ἄνωθεν
651 4865 875 4936 χάριτος
923 4860 1445 4931 εὐλογοῦσηςάύτά.

471 4959 536 5013 ε’.
570 4959 677 5012 Καὶ
699 4958 836 5018 πῶς,
865 4956 1051 5025 φησιν,
1084 4954 1204 5023 οὐχὶ
1236 4954 1517 5021 φαίνονται
1560 4956 1693 5022 ἡμῖν
1716 4954 1851 5023 σὰρξ
1882 4955 1975 5006 καὶ

403 5048 565 5121 αἷμα,
600 5049 717 5104 ἀλλ’
747 5051 911 5118 ἄρτος
932 5048 1024 5100 καλ⁴
1052 5043 1190 5108 οἶνος
1219 5065 1233 5111 ;
1262 5047 1363 5099 Διὰ
1406 5047 1465 5098 τὸ
1511 5046 1587 5115 μὴ
1628 5047 1775 5114 ἡμᾶς
1823 5046 1974 5116 ἀηδί-

404 5144 594 5206 ζεσθαι
623 5139 756 5210 πρὸς
779 5138 878 5207 τὴν
905 5138 1108 5207 βρῶσιν
1142 5155 1154 5169 ·
1185 5141 1232 5189 εἰ
1261 5138 1357 5206 μὲν
1387 5143 1495 5206 γαρ
1542 5137 1681 5206 σὰρξ
1713 5139 1805 5189 καὶ
1836 5131 1976 5204 αἷμα

404 5232 708 5299 ἐφαίνοντο,
743 5228 922 5297 ἀηδῶς
955 5228 1020 5280 ἂν
1044 5228 1358 5295 διεκείμεθα
1398 5229 1526 5296 περὶ
1546 5228 1645 5297 τὴν
1674 5226 1976 5296 μετάληψιν

407 5324 483 5382 ὡς
509 5320 758 5391 ἀσυνήθη
793 5318 869 5390 (1)
892 5334 908 5349 ο
941 5319 1038 5372 νῦν
1071 5319 1126 5370 δὲ
1152 5319 1410 5387 τοιαύτης
1441 5318 1774 5386 φαινομένης
1827 5319 1978 5386 ἡμῖν,

406 5409 648 5480 εὐχερῶς
680 5406 887 5477 ταύτης
920 5407 1438 5478 μεταλαμὸάνομεν.
1470 5404 1615 5460 .Οίδε
1642 5408 1751 5476 γὰρ
1782 5408 1809 5459 6
1849 5406 1982 5467 Θεὸς

408 5501 492 5554 ὅτι
518 5502 549 5569 ἡ
580 5498 891 5571 ἀνθρωπίνη
910 5498 1166 5550 ἀσθένεια
1198 5499 1455 5559 πολλάκις
1471 5500 1540 5551 τὰ
1561 5499 1634 5567 μὴ
1657 5498 1799 5550 κατὰ
1822 5499 1986 5567 συνή-

411 5590 568 5645 θειαν
596 5590 938 5660 τετριμμένα
964 5592 1370 5660 ἀποστρέφεται
1403 5590 1830 5661 δυσχεραίνουσα
1859 5606 1874 5621 ο
1908 5591 1989 5642 διὸ

926 5722 931 5729 .

484 5732 510 5764 ⁵
541 5731 730 5785 lTim.
760 5744 836 5793 tv,
870 5730 923 5784 5.

2085 4672 2182 4734 rit,
2217 4685 2428 4739 corpus
2453 4680 2509 4723 et
2554 4670 2784 4731 sanguis
2817 4666 3030 4724 Christi
3063 4666 3224 4734 fiunt,
3251 4679 3492 4737 superna
3528 4666 3660 4735 ipsis

2084 4762 2452 4818 benedicente
2491 4761 2689 4832 gratia.
3360 4744 3365 4749 ’

2154 4942 2208 4997 5.
2252 4942 2443 5011 Atqui,
2474 4939 2622 4996 dicet
2655 4939 2879 5010 aliquis,
2910 4954 3013 4995 cur
3046 4949 3264 4994 caro-et
3295 4939 3520 5009 sanguis
3550 4952 3660 4991 non

2083 5042 2353 5104 apparent
2386 5033 2569 5098 nobis,
2601 5032 2699 5088 sed
2725 5033 2884 5101 panis
2905 5033 3248 5102 vinumque?
3273 5032 3352 5087 Nc
3381 5048 3484 5086 nos
3507 5031 3659 5083 vide-

2083 5127 2234 5191 licet,
2286 5127 2533 5195 iuquam.
2582 5139 2612 5178 a
2662 5125 3006 5179 eomestione
3038 5125 3489 5178 abhorreremus.
3520 5121 3656 5174 Nam

2070 5220 2129 5273 "si
2167 5233 2298 5273 caro
2343 5228 2398 5271 et
2427 5217 2655 5285 sanguis
2700 5224 3057 5286 apparerent,
3088 5214 3399 5269 insuaviter
3428 5228 3657 5283 prorsus

2086 5309 2153 5363 ad
2184 5309 2627 5379 partieipandum
2663 5318 2771 5361 tam
2803 5307 3026 5362 insolita
3057 5305 3471 5359 accederemus.
3496 5303 3654 5355 Nune

2085 5418 2238 5468 vero,
2275 5401 2367 5454 tali
2405 5401 2510 5456 sub
2541 5400 2717 5454 forma
2752 5413 2877 5453 cum
2921 5396 3084 5450 nobis
3128 5402 3458 5464 appareant,
3497 5392 3659 5447 facile

2092 5498 2208 5551 haue
2241 5495 2658 5565 participantus.
2686 5492 2805 5547 Scit
2844 5492 2992 5544 enim
3040 5489 3188 5544 Deus
3244 5486 3540 5541 humanam
3573 5487 3659 5538 in-

2095 5588 2414 5643 ﬁrmitatem
2447 5600 2591 5655 saepe
2625 5598 2886 5654 respuere
2917 5595 3039 5653 qua:
3066 5579 3173 5635 sibi
3206 5593 3311 5634 non
3361 5587 3488 5633 sunt
3527 5590 3657 5632 con.

492 5845 567 5917 (1)
606 5845 856 5901 Imitatur
917 5842 1241 5900 Theodorus
1298 5849 1551 5899 sanctum
1597 5841 1862 5916 Cyrillum
1923 5843 1978 5899 in
2018 5846 2419 5903 commentario
2454 5844 2519 5904 ad
2556 5849 2781 5907 Lucam.
