4074 6472
479 368 576 429 9il

1626 368 1729 428 ΤΠ
1739 368 2031 430 EODORI
2072 367 2420 432 MELITEN
2432 371 2630 432 IOT/E

3648 370 3752 433 οδε

476 496 635 539 sueta
673 503 685 538 :
738 484 976 555 ideoque
1022 483 1183 538 solita
1217 499 1318 540 sua
1355 484 1701 558 indulgentia
1738 497 1921 551 utens,
1960 504 2058 557 per

2167 494 2252 543 xui
2291 494 2357 561 τῇ
2393 491 2617 560 συνήθει
2647 458 2993 589 κεχρηιῖἐηος
3044 489 3472 558 συγκαταὸάσει,
3518 489 3606 543 διὰ
3644 490 3751 543 τῶν

476 586 744 630 consueta
771 585 985 629 natura:
1017 575 1153 630 facit
1176 590 1237 631 ea
1260 592 1382 647 qua:
1412 586 1545 632 sunt
1578 594 1741 648 supra
1774 588 2055 634 naturam.

476 671 631 724 Sicut
677 670 849 739 igitur
912 669 968 725 in
1038 670 1390 740 baptismate,
1445 672 1710 741 quoniam
1765 672 2055 727 hominum

476 779 595 817 mos
634 772 721 817 est
770 778 911 830 aqua
943 762 1137 828 lavari,
1188 774 1244 817 et
1282 764 1407 818 oleo
1444 765 1606 833 ungi,
1655 781 1811 835 aqua:
1844 775 1901 820 et
1934 766 2056 819 oleo

476 855 708 923 gratiam
753 855 995 923 Spiritus
1043 855 1363 917 immiscuit,
1401 858 1641 927 fecitque
1679 858 1791 912 luce
1824 874 2059 912 renova-

479 949 649 1000 t;onis
679 946 961 1001 lavacrum
997 958 1049 1001 et
1081 947 1555 1025 regenerationis;
1593 965 1650 1002 re
1681 951 1937 1005 sensibili
1975 952 2059 1005 in-

479 1039 789 1094 tellectuale
822 1040 1028 1093 donum
1060 1041 1306 1094 eiliciens
1332 1057 1346 1102 ;
1371 1042 1489 1109 pari
1521 1043 1756 1106 ratione,
1791 1045 2055 1112 quoniam

476 1132 655 1186 solent
701 1132 955 1187 homines
1002 1148 1199 1203 panem
1253 1134 1549 1188 comedere
1593 1134 1895 1204 vinumque
1929 1154 2054 1192 cum

476 1241 617 1294 aqua
645 1227 860 1293 bibere,
903 1227 991 1281 his
1019 1227 1305 1296 copulavit
1355 1227 1615 1281 deitatem
1649 1245 1805 1282 suam
1834 1247 1850 1294 ;
1879 1246 2056 1299 eaque

472 1332 680 1386 corpus
722 1335 884 1374 suum
917 1335 983 1376 ac
1014 1320 1343 1389 sanguinem
1378 1319 1645 1384 eﬂiciens,
1684 1323 1841 1390 panis
1873 1334 2053 1379 tamen

473 1409 702 1479 vinique
739 1412 1124 1479 apparentiam
1173 1411 1429 1473 retinuit,
1478 1420 1539 1465 ut
1586 1427 1616 1465 a
1661 1415 1947 1468 consuetis
1991 1430 2057 1470 ac

474 1501 824 1554 naturalibus
871 1502 941 1555 ad
987 1502 1441 1571 supernaturalia
1491 1503 1869 1558 suhlevemur.
1904 1507 2056 1562 Nihil

475 1590 626 1644 enim
678 1592 941 1646 sensibile
990 1593 1156 1648 nobis
1212 1593 1470 1648 Christus
1523 1595 1772 1660 tradidit,
1821 1598 1917 1651 sed
1969 1613 2057 1654 res

475 1684 699 1748 quidem
756 1685 1086 1752 sensibiles;
1136 1686 1321 1741 omnia
1370 1696 1553 1741 tamen
1604 1688 2059 1745 intellectualiter

476 1776 824 1846 accipienda.
876 1778 1015 1833 Nam
1062 1779 1107 1834 si
1160 1780 1385 1846 quidem
1436 1780 1753 1851 incorporei
1784 1796 2055 1849 essemus,

478 1869 673 1938 utique
708 1869 1083 1938 incorporalia
1118 1871 1281 1927 nobis
1303 1871 1448 1927 dona
1478 1872 1728 1927 dedisset
1755 1892 1768 1927 :
1795 1873 1892 1928 sed
1927 1875 2056 1944 quia

474 1962 699 2031 corpori
734 1963 993 2032 copulata
1042 1974 1127 2018 est
1173 1966 1381 2027 anima,
1419 1965 1673 2020 sensibili
1726 1965 1829 2020 sub
1874 1968 2063 2036 Specie

476 2056 879 2112 intellectualia
922 2057 1083 2112 nobis
1119 2058 1371 2113 tradidit.
1406 2058 1598 2128 Neque
1649 2061 1855 2114 idcirco
1906 2060 2062 2130 panis

478 2148 568 2202 ille
600 2159 655 2203 et
683 2149 873 2203 vinum
913 2166 1039 2206 cum
1091 2166 1256 2221 aqua,
1293 2168 1415 2221 qua:
1449 2152 1502 2205 in
1536 2168 1698 2207 sacro
1742 2153 1900 2207 altari
1936 2169 2062 2206 san-

475 2240 829 2309 ctilicantur,
887 2250 1050 2315 typus
1091 2244 1318 2313 quidam
1365 2254 1493 2299 sunt
1545 2245 1753 2302 Christi
1811 2245 2063 2316 corporis

478 2331 919 2400 sanguinisque;
957 2330 1139 2386 absit!
1169 2333 1268 2388 sed
1296 2349 1499 2404 corpus
1524 2336 1705 2405 ipsum
1739 2350 1805 2390 ac
1835 2336 2061 2405 sanguis

476 2422 692 2476 Domini
725 2422 1002 2478 deiﬁeata.
1039 2423 1345 2479 Caveamus
1376 2426 1560 2495 itaque
1585 2427 1886 2495 quominus
1942 2427 2061 2481 hac

476 2512 863 2567 tantummodo
894 2523 1060 2582 prout
1084 2514 1263 2568 oculis
1298 2526 1553 2584 prostant
1582 2531 1923 2585 spectemus,
1958 2517 2056 2573 sed

474 2605 682 2659 Christi
719 2605 886 2659 verba
936 2606 1264 2672 retinentes,
1301 2610 1736 2676 persuadeamus
1782 2610 2061 2665 nobismet

475 2707 645 2766 atque
670 2696 981 2759 credamus,
1004 2712 1181 2767 eaque
1210 2699 1408 2753 mentis
1428 2699 1605 2754 oculis
1627 2701 2056 2769 conspiciamus.

474 2788 611 2849 Nam
640 2804 826 2844 sermo
855 2790 974 2861 ejus
1006 2790 1318 2844 inl‘allibilis
1346 2804 1465 2852 est;
1492 2807 1691 2846 sensus
1713 2809 1843 2847 vero
1869 2804 2061 2848 noster

474 2885 636 2940 facile
682 2884 1009 2955 decipitur:
1053 2885 1147 2938 ille
1199 2899 1484 2954 nunquam
1530 2886 1763 2949 excidit,
1811 2888 1902 2941 hie
1948 2887 2062 2956 ple-

473 2992 710 3048 rumque
745 2978 977 3032 fallitur.
1007 2976 1469 3046 Quandoquidem
1512 2978 1680 3047 igitur
1725 2994 1908 3034 sermo
1939 2980 2061 3050 ejus

474 3067 648 3124 dicit:
688 3085 706 3120 ι
746 3066 863 3122 lloc
886 3077 970 3121 est
1000 3082 1200 3136 corpus
1232 3083 1439 3133 meum,
1479 3085 1497 3117 ι
1533 3077 1588 3122 et
1625 3088 1644 3120 ι
1686 3068 1785 3123 llic
1815 3079 1898 3125 est
1928 3085 2057 3125 san-

2169 585 2422 656 συνήθων
2465 586 2566 655 τῆς
2636 584 2856 657 φύσεως
2918 581 3156 637 ποιεῖται
3208 585 3277 636 τά
3339 583 3480 652 ὑπὲρ
3539 581 3746 651 φύσιν·

2169 678 2361 749 ὥσπερ
2382 677 2474 732 οὖν
2494 678 2590 731 ἐπὶ
2617 677 2712 731 τοῦ
2744 661 3144 747 βαπτίσματος,
3167 676 3354 746 ἐπειδή
3367 692 3470 743 περ
3503 676 3620 727 ἐστὶ
3636 675 3749 738 τοῖς

2166 772 2483 843 ἀνθρώποις
2534 771 2656 834 ἔθος
2715 770 2872 825 ὕδατι
2931 770 3193 823 λούεσθαι
3235 770 3331 823 καὶ
3389 769 3556 837 ὲλαίῳ
3606 769 3750 838 χρίε-

2167 865 2317 928 σθαι,
2366 863 2621 931 συνέμιξε
2670 862 2749 933 τῷ
2797 862 2951 916 ὕδατι
3001 863 3095 916 καὶ
3137 862 3215 933 τῷ
3253 864 3418 933 ἐλαίῳ
3451 864 3550 933 τὴν
3585 864 3745 933 χάριν

2163 957 2257 1008 τοῦ
2289 956 2631 1024 Πνεύμοιτος,
2658 957 2752 1008 καὶ
2785 957 3011 1026 ἐποίησε
3036 956 3211 1008 ταῦτα
3242 957 3465 1024 λουτρὸν
3521 959 3748 1023 ἀναγεν⁶

2164 1047 2375 1116 νήσεως
2408 1049 2503 1099 καὶ
2530 1048 2955 1111 ἀνακαινίσεως,
3002 1046 3070 1099 δι’
3100 1047 3362 1118 αἰσθητοῦ
3427 1047 3748 1118 πράγματος

2163 1137 2353 1205 νοητὸν
2382 1137 2555 1207 δῶρον
2577 1136 2864 1189 ἀποτελῶν
2907 1153 2921 1167 ⁶
2955 1136 3128 1200 οὕτως
3166 1137 3429 1200 ἐνταῦθα,
3474 1138 3595 1190 ἐπεὶ
3636 1137 3747 1197 τοῖς

2164 1228 2476 1295 ἀνθρώποις
2501 1228 2621 1290 ἔθος
2645 1227 2809 1297 ἀρτον
2834 1228 3057 1291 ἐσθίειν,
3091 1229 3187 1280 καὶ⁸
3245 1229 3423 1281 πίνειν
3453 1223 3593 1280 οἶνον
3626 1225 3729 1295 μεθ

2165 1318 2381 1382 ὓδατος,
2410 1319 2729 1384 συνέζευξεν
2760 1320 2945 1382 αὐτοῖς
2989 1321 3091 1389 τὴν
3122 1318 3288 1371 αὑτοῦ
3323 1319 3553 1388 θεότητα
3592 1335 3607 1350 ο
3656 1319 3747 1370 καὶ

2163 1412 2395 1482 ποιήσας
2428 1411 2568 1464 αὐτὰ
2604 1411 2763 1477 σῶμα
2798 1412 2896 1463 καὶ
2948 1405 3089 1478 αἷμα
3123 1409 3314 1473 αὑτοῦ,
3346 1411 3405 1463 τὸ
3462 1409 3598 1471 εἶδος
3653 1406 3747 1460 τοῦ

2163 1504 2331 1572 ἄρτου
2362 1502 2462 1555 καὶ
2489 1501 2584 1555 τοῦ
2612 1502 2755 1556 οῐνου
2793 1502 3085 1570 ἐφύλαξεν,
3115 1501 3201 1555 ἴνα
3230 1501 3320 1554 διὰ
3351 1501 3459 1553 τῶν
3505 1500 3751 1567 συνήθων

2163 1595 2439 1649 καὶκατὰ
2501 1594 2665 1663 φύσιν
2722 1598 2781 1647 ὲν
2832 1596 2944 1655 τοῖς
2996 1595 3137 1662 ὑπὲρ
3192 1594 3360 1663 φύσιν
3421 1593 3696 1661 γινώμεθα
3733 1607 3749 1621 ο

2162 1687 2316 1739 οὐδὲν
2338 1688 2451 1757 γὰρ
2481 1687 2748 1754 αἰσθητὸν
2777 1688 3100 1758 παρέδωκεν
3128 1689 3264 1755 ἡμῖν
3298 1690 3325 1740 6
3351 1686 3608 1757 Χριστὸς,
3636 1680 3753 1737 ἀλλ’

2164 1778 2401 1848 αἰσθητά
2428 1777 2527 1847 μὲν
2560 1778 2894 1848 πράγματα,
2918 1780 3099 1831 πάντα
3130 1778 3185 1830 δὲ
3208 1778 3373 1846 νοητά
3396 1793 3411 1809 ·
3444 1779 3491 1829 εί
3522 1776 3621 1846 μὲν
3646 1777 3753 1843 γὰρ

2168 1872 2455 1941 ἀσώματοι
2484 1867 2652 1942 ἦμεν,
2679 1871 2868 1940 γυμνὰ
2896 1871 2961 1926 ἂν
2997 1874 3134 1940 ἡμῖν
3189 1872 3329 1924 αὐτὰ
3374 1870 3443 1922 τὰ
3488 1868 3752 1937 ἀσώματα

2167 1964 2459 2033 παρέδωκε
2497 1964 2647 2033 δῶρα
2678 1980 2691 1994 ·
2726 1962 2852 2018 ἐπεὶ
2885 1964 2941 2017 δὲ
2985 1962 3197 2032 σώματι
3241 1962 3656 2031 συμπέπλεκται
3715 1961 3749 2029 ἡ

2164 2054 2338 2125 ψυχὴ,
2372 2055 2429 2107 ἑν
2486 2056 2768 2121 αἰσθητοῖς
2823 2057 2957 2126 ἡμῖν
3012 2056 3080 2108 τὰ
3133 2055 3301 2124 νοητᾶ
3350 2054 3748 2122 παραδίδωσιν.

2166 2148 2282 2202 Οὐκ
2308 2147 2415 2218 ἄρα
2459 2148 2630 2210 τύπος
2660 2149 2687 2199 6
2720 2148 2904 2218 ἄρτος,
2935 2147 3030 2198 καὶ
3064 2146 3090 2197 6
3117 2140 3258 2206 οἶνος
3295 2145 3410 2213 ἀμα
3447 2144 3523 2213 τῷ
3571 2143 3747 2202 ὕδατι,

2164 2241 2234 2297 τὰ
2263 2244 2321 2295 ἐν
2345 2241 2424 2310 τῷ
2455 2240 2587 2311 θείῳ
2625 2240 3003 2308 θυσιαστηρίῳ
3036 2239 3380 2308 ἁγιαζόμενοι
3408 2238 3503 2289 τοῦ
3560 2236 3752 2303 σῶμα·

2163 2353 2257 2398 τος
2286 2332 2382 2388 τοῦ
2416 2333 2657 2406 Χριστοῦ
2692 2335 2787 2386 καὶ
2811 2332 2907 2385 τοῦ
2949 2332 3203 2402 αἵματος,
3268 2332 3341 2401 μὴ
3371 2330 3604 2399 γένοιτο,
3635 2329 3751 2382 ἀλλ’

2164 2427 2300 2482 αὐτὸ
2332 2427 2393 2479 τὸ
2426 2426 2587 2495 σῶμα
2621 2426 2717 2479 καὶ
2755 2425 2817 2477 τὸ
2844 2420 2985 2495 αἷμα
3015 2422 3109 2477 τοῦ
3140 2422 3347 2493 Κυρίου
3395 2421 3707 2490 τεθεωμένα
3731 2436 3746 2451 ·

2162 2521 2243 2574 διὸ
2270 2520 2346 2590 μὴ
2378 2522 2489 2581 τοῖς
2516 2519 2795 2587 κειμένοις
2854 2518 3015 2586 μόνον
3046 2517 3442 2586 ἐμϐλέπωμεν,
3486 2516 3620 2569 ἀλλὰ
3679 2517 3746 2569 τρὶ

2165 2612 2394 2682 ῥήματα
2414 2610 2578 2663 αὐτοῦ
2616 2611 2965 2681 κατέχοντες,
3002 2613 3096 2664 καὶ
3127 2608 3472 2678 πειθώμεθα,
3522 2610 3615 2660 καὶ
3662 2626 3751 2661 πιο

2165 2704 2472 2773 στευωμεν,
2498 2704 2593 2757 καὶ
2636 2706 2849 2774 νοητοῖς
2897 2704 3037 2757 αὐτὰ
3071 2702 3361 2773 βλέπωμεν
3407 2701 3700 2769 ὀφθαλμοῖς
3729 2717 3744 2730 ·

2162 2800 2190 2852 6
2234 2798 2334 2867 μὲν
2356 2798 2464 2867 γὰρ
2532 2795 2695 2865 λόγος
2758 2795 2928 2848 αὐτοῦ
2980 2794 3422 2865 ἀπαραλόγιστο;
3458 2792 3630 2863 (Ι)·ἡ
3691 2792 3749 2844 δὲ

2162 2890 2421 2960 αἴσθησις
2452 2890 2612 2960 ἡμῶν
2646 2888 3057 2959 εὐεξαπάτητος
3088 2905 3102 2919 ο
3152 2882 3307 2950 οὗτος
3351 2888 3604 2940 οὐδέποτε
3638 2885 3751 2937 διέ-

2163 3000 2332 3036 πεσεν
2358 2998 2373 3014 ο
2408 2982 2550 3051 αὕτη
2577 2982 2632 3035 δὲ
2669 2981 2738 3034 τὰ
2793 2980 3018 3034 πλείονα
3050 2980 3375 3048 σφάλλεται.
3427 2979 3581 3033 Ἐπεὶ
3602 2974 3690 3031 οὖν
3720 2979 3749 3030 6

2162 3070 2324 3145 λόγος
2354 3075 2521 3129 αὐτοῦ
2577 3076 2735 3145 φησὶ,
2774 3093 2791 3127 ι
2833 3074 3007 3128 Τοῦτό
3046 3076 3166 3127 ἐστι
3223 3075 3285 3126 τὸ
3340 3072 3503 3141 σῶμα
3555 3089 3677 3140 μου,
3720 3089 3741 3122 ι

472 3164 599 3233 guis
636 3177 815 3226 meus,
853 3180 872 3213 ι
914 3163 1021 3215 Deo
1047 3160 1367 3228 credamus,
1401 3170 1457 3215 et
1485 3162 1807 3218 nullatenus
1833 3173 2058 3217 contra-

2167 3171 2279 3233 καὶ,
2317 3188 2335 3221 ι
2364 3170 2538 3223 Τοῦτό
2594 3170 2713 3222 ὲστι
2768 3168 2830 3222 τὸ
2872 3162 3014 3235 αἷμά
3052 3185 3198 3236 μου,
3229 3186 3247 3219 ι
3295 3164 3615 3235 πειθώμεθα
3670 3165 3750 3234 τῷ

475 3256 727 3310 dicamus
758 3272 772 3308 :
799 3253 1021 3309 etiamsi
1049 3253 1250 3306 rationi
1286 3264 1490 3308 nostra:
1518 3254 1861 3308 contrarium
1891 3270 2061 3324 appa-

474 3358 597 3401 reat
628 3356 794 3416 atque
821 3346 968 3401 visui
997 3346 1050 3400 id
1094 3346 1245 3415 quod
1278 3344 1622 3399 aliirmatur:
1665 3361 1729 3400 ac
1764 3346 2060 3401 ratiocinio

476 3455 709 3513 prorsus
741 3448 935 3493 nostro
964 3437 1200 3510 visuque
1232 3439 1509 3511 potiorem
1534 3438 1920 3495 existimemus
1949 3455 2065 3494 scr-

476 3549 696 3592 monem
730 3533 872 3602 ejus.

551 3627 602 3680 6.
646 3626 804 3693 Quod
831 3626 876 3682 si
910 3626 1161 3682 nonnulli
1186 3627 1433 3699 antitypa
1466 3629 1717 3699 corporis
1748 3627 2064 3699 sanguinis-

478 3732 589 3786 que
629 3715 848 3771 Domini
894 3716 1011 3773 haac
1052 3719 1499 3788 appellaverunt,
1542 3720 1711 3775 veluti
1765 3721 2064 3790 deiloquus

475 3810 726 3882 loquitur
779 3811 1018 3866 Basilius
1072 3812 1129 3865 in
1183 3814 1432 3884 mysticis
1490 3813 1752 3867 sacriﬁcii
1802 3814 2064 3883 precibus

477 3905 703 3961 dicens:
737 3925 755 3957 ‹
796 3904 865 3959 Et
886 3914 1262 3975 proponentes
1290 3906 1544 3977 antitypa
1578 3908 1836 3977 corporis
1860 3918 1916 3962 et
1938 3923 2067 3961 san-

475 3996 661 4065 guinis
685 3994 895 4051 Christi
926 3995 1046 4055 tui;
1086 4012 1104 4046 ι
1132 3994 1279 4048 haud
1308 3996 1567 4065 equidem
1606 4006 1731 4065 post
1756 3998 2065 4052 sanctiﬁca-

476 4089 712 4157 tionem,
748 4090 978 4158 inquam
1008 4103 1135 4160 ego,
1170 4089 1269 4147 sed
1304 4098 1435 4144 ante
1476 4088 1981 4144 sanctiﬁcationem
2009 4100 2066 4143 et

476 4193 605 4238 ante
629 4192 944 4254 susceptam
982 4183 1242 4254 gratiam,
1276 4182 1357 4238 sic
1380 4197 1443 4238 ea
1478 4182 1933 4251 appellaverunt;
1973 4197 2066 4235 ore

476 4276 737 4330 dinantes
786 4276 1008 4346 egregie
1062 4274 1365 4330 admodum
1418 4274 1474 4329 hi
1525 4274 1634 4327 viri
1672 4274 1948 4344 inspirati,
2002 4281 2065 4327 ut

476 4384 580 4423 nos
618 4382 746 4422 cum
800 4381 990 4422 amore
1032 4382 1098 4422 ac
1150 4367 1261 4421 ﬁde
1308 4382 1660 4433 veneremur,
1712 4376 1844 4421 ante
1896 4365 2063 4421 etiam

476 4476 645 4530 quant
687 4471 1114 4527 eonsecrentur,
1171 4460 1361 4515 divina
1408 4460 1527 4515 haec
1573 4459 1741 4527 dona,
1799 4468 2063 4529 tanquam

2170 3260 2311 3330 Θεῷ,
2335 3262 2429 3313 καὶ
2462 3260 2537 3329 μὴ
2567 3260 2973 3329 ἀντιλέγωμεν,
3011 3259 3112 3312 κᾶν
3143 3259 3386 3312 ἐναντίον
3420 3253 3559 3310 εἶναι
3616 3258 3748 3327 δοκῇ

2170 3356 2283 3417 τοῖς
2314 3355 2610 3424 ἡμετέροις
2630 3353 2935 3422 λογισμοῖς,
2974 3354 3068 3406 καὶ
3100 3356 3221 3415 ταῖς
3248 3352 3403 3421 ὄψεσι
3432 3354 3492 3405 τὸ
3522 3352 3753 3419 λεγόμε-

2172 3465 2264 3500 νον
2298 3465 2313 3478 ο
2353 3447 2449 3501 καὶ
2477 3447 2757 3518 λογισμῶν
2789 3448 2883 3501 καὶ
2919 3447 3098 3517 ὄψεων
3146 3447 3484 3517 κυριώτερον
3535 3446 3753 3516 ἔχωμεν

2173 3541 2340 3594 αὑτοῦ
2374 3541 2466 3594 τὸν
2501 3540 2688 3608 λόγον.

2244 3632 2318 3699 ς’.
2351 3634 2415 3688 Εἰ
2446 3634 2502 3686 δὲ
2526 3632 2620 3686 καί
2648 3651 2793 3697 τινες
2822 3634 3093 3688 ἀντίτυπα
3120 3634 3216 3687 τοῦ
3252 3632 3501 3702 σώματος
3533 3632 3625 3683 καὶ
3652 3628 3747 3681 τοῦ

2174 3727 2411 3796 αἵματος
2444 3726 2540 3778 τοῦ
2582 3726 2789 3797 Κυρίου
2812 3729 2986 3780 ταῦτα
3020 3726 3309 3788 ἐκάλεσαν,
3359 3726 3434 3787 ὡς
3464 3727 3492 3777 6
3527 3723 3754 3789 θεοφάν-

2169 3835 2283 3887 τωρ
2313 3818 2417 3888 ἔφη
2445 3816 2725 3879 Βασίλειος
2754 3818 2811 3869 ὲν
2842 3819 2960 3877 ταῖς
2997 3819 3286 3883 μυστικαῖς
3307 3814 3406 3882 τῆς
3439 3812 3752 3881 ἱερουργίας

2171 3913 2379 3983 εὐχαῖς,
2414 3910 2559 3965 οὕτω
2607 3909 2784 3976 λέγων
2808 3925 2823 3940 ⁸
2874 3927 2891 3961 ι
2928 3910 3039 3962 Kal
3069 3908 3364 3977 προθέντες
3389 3908 3456 3960 τὰ
3480 3908 3750 3959 ἀντίτυπα

2171 4003 2264 4057 τοῦ
2295 4002 2549 4072 σώματος
2580 4000 2675 4053 καὶ
2704 4001 2937 4071 αἵματος
2966 4000 3060 4052 τοῦ
3078 4000 3313 4069 Χριστοῦ
3345 4014 3463 4052 σου·
3498 4017 3516 4049 ι
3550 3997 3666 4050 ἀλλ’
3688 3996 3749 4049 οὗ

2175 4096 2317 4167 μετά
2345 4096 2405 4148 τὸ
2439 4093 2795 4161 ἀγιασθῆναι,
2821 4088 2999 4155 εἷπον,
3026 4095 3132 4161 πρὸ
3162 4093 3345 4161 μέντοι
3367 4090 3457 4143 τοῦ
3491 4089 3753 4156 ἁγιασθῆ-

2172 4208 2282 4255 vat,
2316 4190 2412 4243 καὶ
2444 4190 2551 4258 πρὸ
2588 4187 2683 4241 τοῦ
2712 4187 2811 4257 τὴν
2844 4189 3006 4257 χάριν
3049 4187 3253 4247 λαόεῖν,
3281 4182 3451 4247 οὕτως
3484 4182 3748 4236 ἐκάλεσαν

2173 4284 2273 4353 (‘2),
2303 4261 2697 4350 διαταξάμενοι
2726 4281 2874 4350 μάλα
2903 4280 3082 4342 καλῶς
3113 4280 3163 4332 oi
3200 4278 3484 4347 θεόληπτοι
3513 4292 3752 4345 προσκυ-

2172 4380 2285 4429 νεῖν
2316 4377 2461 4445 ήμᾶς
2498 4374 2638 4444 μετά
2670 4373 2836 4425 πόθου
2869 4373 2963 4425 καὶ
2996 4371 3257 4435 πίστεως,
3292 4371 3387 4423 καὶ
3408 4369 3514 4437 πρὸ
3538 4368 3632 4421 τοῦ
3663 4385 3748 4420 τε·

2172 4466 2468 4536 λειωθῆναι
2516 4463 2687 4516 ταῦτα
2716 4464 2784 4515 τά
2815 4464 2933 4515 θεῖα
2994 4460 3166 4527 δῶρα,
3196 4459 3270 4520 ὡς
3298 4460 3575 4511 ἀντίτυπα
3634 4456 3741 4507 τῶν

474 4555 725 4625 antitypa
761 4554 982 4609 illorum
1016 4569 1140 4624 quae
1179 4564 1455 4625 geruntur
1484 4555 1539 4608 in
1578 4568 1781 4625 magno
1808 4555 2059 4624 ingressu

2167 4563 2265 4630 τῆς
2306 4558 2553 4630 μεγάλης
2586 4555 2880 4625 γινομένης
2920 4551 3129 4605 εἰσόδου
3161 4551 3259 4621 (l),
3286 4551 3385 4618 τῆς
3436 4550 3494 4601 ὲν
3520 4552 3583 4619 τῇ
3621 4549 3741 4619 ἱερᾷ

474 4649 541 4706 ad
575 4663 791 4704 sacram
832 4647 1115 4719 liturgiam
1161 4665 1175 4701 :
1226 4661 1293 4701 ea
1316 4647 1555 4710 ratione,
1602 4660 1715 4715 qua
1760 4645 2058 4700 humanam

474 4757 699 4811 quoque
748 4740 845 4795 Dei
893 4738 1183 4794 humanati
1227 4739 1409 4793 [ictam
1456 4739 1771 4808 pictamque
1803 4739 2056 4807 ﬁguram,

474 4847 735 4905 tanquam
768 4835 1017 4904 ejusdem
1055 4833 1391 4902 antitypnm,
1425 4846 1781 4886 veneramur.
1810 4831 2060 4901 Namque

475 4928 739 4998 imaginis
774 4927 953 4981 honor
984 4924 1052 4978 ad
1079 4933 1433 4994 prototypum
1462 4922 1685 4988 transit,
1725 4932 1784 4977 ut
1824 4938 2061 4994 magnus

475 5021 659 5091 inquit
708 5020 965 5074 Basilius.
1006 5015 1320 5084 Caeteroqui
1383 5016 1529 5087 picta
1592 5015 1817 5085 quidem
1871 5016 2061 5071 Domi-

476 5118 616 5168 nicze
647 5114 837 5168 carnis
892 5110 1097 5180 imago,
1132 5109 1301 5178 hujus
1348 5108 1575 5164 omnino
1608 5109 1896 5180 antitypon
1953 5118 2060 5171 est,

476 5221 764 5276 nunquam
803 5214 985 5259 tamen
1015 5201 1124 5256 erit
1159 5202 1339 5270 ipsum
1368 5211 1724 5272 prototypon,
1746 5203 1795 5256 id
1826 5212 1912 5257 est
1944 5203 2062 5271 ipse

473 5300 757 5359 Caristus.
820 5293 947 5351 Haec
990 5303 1177 5349 autem
1233 5294 1419 5350 divina
1451 5294 1621 5359 dona,
1665 5310 1789 5365 quae
1835 5303 2067 5349 eatenus

549 5438 625 5505 (I)
668 5436 759 5491 Sic
790 5436 954 5489 etiam
991 5433 1049 5489 S.
1088 5432 1349 5505 Cyrinus.

552 5500 630 5571 ('2')
671 5507 954 5561 Consonat
984 5500 1213 5574 prorsus
1240 5504 1400 5574 Joan.
1431 5502 1815 5574 Damascenus
1839 5500 1889 5554 in
1923 5500 2064 5555 Cor-

477 5581 705 5636 deriana
742 5578 951 5632 Catena
988 5573 1063 5645 7p.
1101 5574 1243 5628 755:
1278 5574 1339 5625 Εἰ
1372 5573 1429 5625 δὲ
1460 5574 1553 5625 καί
1590 5588 1733 5645 τινες
1794 5573 2068 5645 ἀντίτυπα

477 5651 573 5702 τοῦ
609 5652 865 5717 σώματος
888 5646 985 5717 καὶ,
1009 5642 1109 5697 τοῦ
1139 5645 1373 5717 αἵματος
1416 5643 1870 5717 τοῦ-Κ-υρίουτὸν
1902 5642 2065 5717 ἄρτον

479 5723 573 5773 καὶ
595 5708 858 5771 τὸνόἷνον
894 5708 1281 5776 ἐκάλεσαν,ὀὺ
1317 5714 1457 5782 μετὰ
1488 5714 1549 5765 τὸ
1578 5708 1953 5782 ἀπωσθῆναι(
1991 5708 2068 5762 εἷς

479 5806 601 5851 τιον,
628 5789 765 5841 ἀλλὰ
792 5789 921 5860 πρὶν
954 5781 1747 5856 ἁγιασθῆναιτὴνπροσφορὰν
1796 5781 1939 5835 οὕτω
1971 5798 2067 5835 κα.

479 5877 758 5923 ιεςλντες.

2166 4652 2507 4721 λειτουργίᾳ,
2537 4650 2795 4717 καθάπερ
2829 4646 3247 4717 προσκυνοῦμεν
3278 4647 3372 4699 καὶ
3403 4645 3499 4713 τῆς
3531 4644 3745 4712 ἀνθρω-

2171 4745 2337 4814 πίνης
2366 4744 2460 4796 τοῦ
2496 4741 2851 4811 θεανθρώπου
2884 4741 3062 4806 Λόγου
3091 4738 3306 4808 μορφῆς
3336 4736 3396 4790 τὸ
3425 4738 3742 4804 ὲκτύπωμα,

2170 4835 2246 4899 ὡς
2264 4835 2477 4888 ἐκείνου
2517 4834 2819 4887 ἀντίτυπον
2851 4846 2865 4861 ⁶
2904 4833 2938 4901 ἡ
2973 4832 3080 4900 γὰρ
3112 4830 3245 4898 τιμὴ
3278 4829 3379 4898 τῆς
3416 4829 3621 4889 εἰκόνος
3652 4828 3747 4880 ἐπὶ

2168 4930 2231 4983 τὸ
2266 4928 2629 4997 πρωτότυπον
2672 4924 2965 4987 διαϐαίνει,
2997 4926 3163 4992 φησὶν
3195 4924 3223 4974 ὁ
3255 4924 3431 4992 μέγας
3470 4922 3746 4983 Βασίλειος

2169 5020 2245 5091 (2)
2275 5037 2288 5051 ’
2324 5021 2505 5073 καίτοι
2536 5037 2599 5088 γε
2644 5022 2676 5088 ἡ
2718 5019 2817 5088 μὲν
2847 5017 3221 5087 γεγραμμένη
3255 5015 3354 5083 τῆς
3396 5014 3489 5067 τοῦ
3542 5015 3746 5084 Κυρίου

2169 5114 2377 5183 σαρκὸς
2404 5110 2591 5175 εἰκὼν,
2625 5111 2818 5165 τούτου
2852 5109 2941 5161 διὰ
2993 5107 3195 5169 παντὸς
3243 5108 3533 5168 ἀντίτυπος
3586 5107 3743 5171 οὖσα,

2168 5206 2269 5257 οὐκ
2310 5204 2461 5256 ἔσται
2494 5202 2629 5256 ποτὶ
2658 5202 2790 5255 αὐτὸ
2819 5202 2881 5254 τὸ
2914 5202 3291 5267 πρωτότυπον,
3350 5200 3516 5268 ἤγουν
3584 5200 3744 5261 αὐτὸς

2168 5300 2197 5352 ό
2232 5298 2487 5366 Χριστός.
2515 5296 2706 5350 Ταῦτα
2735 5295 2793 5349 δὲ
2837 5296 2904 5349 τὰ
2935 5295 3053 5348 θεῖα
3085 5293 3235 5361 δῶρα
3270 5292 3436 5363 μέχρι
3478 5291 3621 5353 τινὲς
3652 5293 3748 5345 ἀν-

2248 5433 2325 5501 (5)
2370 5432 2580 5502 Duplex
2634 5439 2717 5485 est
2753 5429 2819 5485 ad
2879 5429 3123 5485 Cra-cam
3169 5428 3393 5502 missam
3447 5426 3743 5493 introitus;

2180 5498 2363 5558 minor
2402 5498 2561 5556 initio
2612 5504 2740 5555 dum
2774 5516 2927 5555 sacra
2958 5502 3099 5553 dona
3154 5498 3396 5552 nondum
3426 5506 3742 5552 consecrata

2177 5575 2243 5627 ad
2278 5589 2521 5626 mensam
2546 5572 2906 5634 deferuntur;
2934 5571 3127 5640 major,
3154 5586 3277 5624 cum
3297 5570 3405 5637 jam
3429 5576 3745 5622 consecrata

2178 5646 2534 5699 deducuntur
2562 5645 2627 5695 ad
2665 5644 2860 5697 altare.

2257 5716 2333 5779 (ἧ)
2378 5716 2436 5766 S.
2492 5714 2675 5767 Basilii
2733 5714 2912 5765 locum
2966 5709 3166 5763 vidcsis
3200 5709 3305 5761 late
3358 5706 3664 5772 expositum
3713 5722 3744 5761 a

2183 5786 2239 5837 Β.
2276 5785 2586 5848 ΝἰρίιιιΙιιιτιι
2622 5786 2673 5836 in
2710 5798 2877 5848 opere
2908 5793 3099 5834 contra
3154 5778 3562 5836 lconomachos,
3593 5778 3744 5848 apud

2183 5800 2239 5837 δ.
2276 5800 2586 5837 {\ICt'llmru
2623 5801 2673 5836 In
2710 5800 2877 5848 Operi:
2908 5800 3099 5834 contra
3154 5800 3562 5836 It'mtmllncnos,
3600 5800 3638 5845 ει]

2177 5872 2278 5910 nos
2313 5856 2365 5906 in
2408 5800 2509 5910 huc
2541 5855 2797 5910 llzbiioth.
2828 5852 2891 5906 Τ.
2923 5854 2983 5906 ν.
3017 5850 3383 5921 (ΡαινοΙυθίω,
3414 5858 3545 5902 tom.
3574 5847 3638 5904 C.
