4074 6530
447 386 552 450 9δῖ

1794 370 2137 467 ἘτωροΝ
2178 409 2344 472 v1tt.

3616 430 3721 498 954

444 512 648 553 τιτυπα
671 496 804 552 ὄντα
829 498 937 570 ,τῆς
963 499 1062 554 τοῦ
1117 501 1330 574 Κυρίου
1369 503 1573 573 σαρκδς
1623 506 1717 559 καὶ
1747 509 1841 562 τοῦ
1866 509 2007 579 αἷμα

2145 517 2391 586 antitypa
2441 527 2663 577 tuerant
2717 523 3032 585 Dominica'.
3065 528 3253 586 carnis
3297 545 3362 587 ac
3407 534 3715 605 sanguinis,

443 608 555 654 τος,
582 590 898 659 ἁγιάζονται
927 594 1068 662 μετὰ
1105 595 1297 662 ταῦτα,
1333 597 1429 650 καὶ
1456 597 1672 668 ἀληθῶς
1694 600 1827 653 αὐτὸ
1851 603 2030 670 γίνον-

442 684 621 756 ταιψτὸ
657 685 1182 758 πρωτότυπον,ἧτοι
1239 689 1273 758 ἡ
1303 687 1441 760 σὰρξ
1459 691 1598 761 αὐτὴ
1633 693 1728 745 καὶ
1776 693 1838 747 τὸ
1888 687 2031 763 αἷμα

441 778 536 830 τοῦ
558 777 826 848 Χριστοῦ,
859 779 949 834 διὰ
1007 782 1107 849 τῆς
1143 783 1416 852 μυστικῆς
1471 784 1748 852 εὐλογίας.
1784 787 1880 840 καὶ
1929 787 2030 855 τῆς

439 871 535 925 τοῦ
567 871 728 939 ἁγίου
786 871 1103 942 Πνεῦματος
1163 875 1570 946 ὲπιφοιτήσεως
1603 894 1618 910 ·
1666 878 1792 930 ὅθεν
1847 878 2029 949 χρεὼν

438 967 536 1018 καὶ
559 964 646 1018 διὰ
679 963 838 1019 τοῦτο
865 965 1007 1034 μετὰ
1041 965 1209 1020 πόθου
1242 969 1336 1020 καὶ
1403 969 1640 1032 πίστεως
1695 974 2029 1041 προσκυνεῖν

435 1056 584 1125 ἡμᾶς
609 1055 803 1120 ταῦτα,
829 1057 965 1126 πρὸς
985 1056 1047 1110 τὸ
1073 1056 1428 1126 τελειωθῆναι
1445 1060 1690 1128 ἀγόμενα
1707 1063 1806 1128 (3).
1863 1063 2026 1114 Λντί-

436 1163 586 1200 τυπα
613 1145 670 1199 δὲ
693 1148 803 1200 τῶν
826 1147 1135 1216 μελλόντων
1157 1149 1407 1216 λέγονται
1455 1150 1650 1213 ταῦτα,
1677 1151 1773 1220 οὐχ
1818 1152 1894 1215 ὡς
1947 1154 2022 1221 μὴ

435 1237 564 1290 ὄντα
597 1238 719 1290 κατ’
748 1237 1012 1307 ἀλήθειαν
1043 1239 1204 1308 σῶμα
1247 1239 1342 1292 καὶ
1391 1237 1530 1309 αἷμα
1588 1242 1853 1312 Χριστοῦ,
1905 1243 2026 1296 ἀλλ’

435 1331 519 1381 ὅτι
540 1328 637 1382 νῦν
667 1330 765 1400 μὲν
795 1329 864 1384 δι’
894 1329 1076 1382 αὐτῶν
1115 1331 1424 1400 μετέχομεν
1480 1333 1578 1402 τῆς
1633 1333 1726 1386 τοῦ
1781 1333 2022 1403 Χριστοῦ

435 1417 714 1488 θεότητος,
746 1419 870 1472 τότε
893 1419 950 1472 δὲ
982 1421 1189 1485 νοητῶς
1219 1421 1306 1474 διὰ
1349 1421 1525 1492 μόνης
1575 1423 1678 1492 τῆς
1731 1425 1858 1487 θέας
1885 1442 1901 1457 ο
1932 1424 2024 1480 διὰ

433 1525 516 1562 τοι
548 1511 708 1563 τοῦτο
737 1510 834 1563 καὶ
865 1511 1120 1563 κοινωνία
1144 1512 1177 1582 ἡ
1201 1511 1653 1567 αὐτῶυκιιλείται
1691 1515 2024 1585 μετάληψις,

433 1603 515 1654 ὅτι
545 1599 644 1670 τὴν
673 1601 812 1670 πρὸς
857 1600 949 1654 τὸν
981 1602 1218 1671 Χριστὸν
1273 1605 1405 1674 ἡμῖν
1467 1604 1752 1674 χαρῖζεται
1800 1605 2023 1668 ἕνωσιν,

437 1697 530 1748 καὶ
556 1695 850 1757 κοινωνοὺς
889 1695 1039 1764 ἡμᾶς
1073 1699 1220 1748 ποιεῖ
1251 1698 1345 1764 τῆς
1403 1697 1570 1749 αὑτοῦ
1611 1698 1891 1767 βασιλείας
1913 1715 1924 1728 '
1958 1701 2020 1752 οὐ

436 1786 544 1856 μὴν
572 1785 629 1838 δὲ
659 1786 778 1838 ἀλλ’
828 1786 910 1839 ὅτι
965 1787 1060 1839 καὶ
1101 1791 1380 1842 κοινωνεῖν
1423 1789 1673 1842 ἐντεῦθεν
1730 1792 1878 1860 ἡμᾶς
1927 1794 2024 1846 καὶ

2139 608 2564 666 sanctiﬁcantur
2615 624 2831 682 postea,
2870 632 3109 688 vereque
3161 621 3343 690 ipsum
3385 631 3716 694 protmypon

2137 701 2298 764 iiunt,
2331 701 2385 756 id
2411 713 2498 759 est
2529 720 2659 760 caro
2690 707 2806 776 ipsa
2839 719 2894 763 et
2935 711 3160 781 sanguis
3189 712 3420 777 Christi,
3454 730 3550 784 per
3602 732 3721 786 my-

2135 794 2331 848 sticam
2361 795 2805 855 benedictionem
2828 809 2886 856 et
2914 803 3090 858 sancti
3124 802 3364 873 Spiritus
3391 805 3713 860 adventum.

2135 884 2319 950 Quare
2359 889 2526 944 etiam
2563 902 2784 960 Oportet
2829 909 2955 948 cum
2996 909 3186 949 amore
3220 912 3283 950 ac
3317 896 3425 952 (ide
3464 900 3579 951 haec
3613 915 3718 953 nos

2133 979 2390 1032 venerari
2432 981 2560 1033 dum
2620 982 2688 1036 ad
2723 987 3218 1040 sanctilicationem
3269 989 3582 1057 pompatice
3618 989 3717 1042 (ιι--

2131 1066 2431 1122 ducuntur.
2480 1070 2730 1141 Denique
2771 1075 3018 1145 antitypa
3053 1078 3221 1131 etiam
3275 1078 3588 1131 futurorum
3627 1080 3717 1131 tli-

2128 1168 2337 1212 cnntur
2390 1160 2528 1224 haec,
2581 1178 2691 1216 non
2746 1165 2873 1233 quia
2925 1182 3056 1220 vere
3113 1185 3318 1237 corpus
3376 1179 3432 1222 et
3488 1171 3716 1238 sanguis

2126 1249 2330 1304 Christi
2371 1267 2479 1306 non
2514 1254 2604 1318 sit,
2634 1255 2729 1309 sed
2756 1257 2885 1324 quia
2910 1275 3056 1313 nunc
3081 1261 3305 1326 quidem
3338 1277 3434 1328 per
3462 1278 3524 1315 ea
3546 1264 3718 1330 parti-

2129 1341 2381 1410 cipamns
2432 1343 2642 1400 Christi
2674 1347 3045 1414 divinitatem,
3077 1361 3208 1407 tunc
3250 1363 3434 1408 autem
3499 1355 3714 1408 inteilc-

2131 1435 2390 1490 ctualiter
2423 1452 2520 1505 per
2546 1439 2719 1492 solam
2755 1442 3050 1497 visionem.
3077 1434 3250 1510 Quam
3298 1447 3369 1500 ob
3420 1463 3532 1501 rem
3564 1463 3714 1503 com-

2129 1529 2322 1584 munio
2352 1545 2574 1600 quoque
2612 1533 2728 1586 haec
2753 1533 3106 1604 participatio
3137 1538 3364 1604 dicitur,
3397 1541 3524 1608 quia
3555 1541 3714 1594 unio-

2127 1635 2256 1672 nem
2292 1621 2453 1674 nobis
2499 1637 2626 1676 cum
2663 1622 2887 1678 Christo
2935 1625 3192 1696 largitur,
3236 1638 3292 1682 et
3320 1629 3386 1682 ad
3423 1629 3577 1699 regni
3626 1631 3713 1684 sui

2127 1711 2581 1768 communionem
2608 1714 2852 1790 admittit
2877 1732 2893 1770 :
2919 1728 2975 1772 et
3006 1729 3295 1788 praeterea,
3327 1721 3474 1790 quod
3501 1721 3582 1774 sic
3609 1736 3714 1775 nos

2129 1801 2364 1857 invicem
2439 1789 2855 1861 communicare
2920 1809 3291 1879 coajnugique
3350 1789 3507 1864 iacit.
3573 1811 3713 1877 Quia

433 1883 684 1952 ἀλλήλοις
709 1879 964 1934 ἑνοῦσθαι
995 1883 1409 1952 παρασκευάζει
1436 1899 1449 1912 ·
1486 1885 1610 1936 ἐπεὶ
1642 1885 1751 1955 γὰρ
1785 1884 1844 1950 ἐξ
1902 1886 2010 1946 ἑνὸς

2127 1895 2276 1947 οιιίηι
2319 1912 2385 1951 ex
2424 1914 2532 1951 uno
2568 1913 2707 1966 pane
2737 1909 2792 1952 et
2819 1899 2992 1953 calice
3020 1901 3354 1969 percipimus
3383 1917 3599 1967 omnes,
3626 1917 3715 1956 sc-

432 1975 602 2044 ἆρτου
637 1976 732 2025 καὶ
763 1973 1027 2042 ποτηρίου
1059 1974 1556 2045 μεταλαμϐάνομεν
1605 1975 1869 2041 ἅπαντες,
1907 1976 2019 2030 λοι-

433 2067 537 2119 πὸν
576 2067 670 2119 καὶ
686 2064 745 2118 ἒν
780 2065 939 2129 σῶμα
970 2065 1232 2133 Χριστοῦ,
1264 2067 1360 2120 καὶ
1421 2067 1480 2119 ἓν
1516 2064 1678 2137 αἷμα,
1714 2071 1808 2123 καὶ
1853 2068 2018 2136 ἀλλή-

431 2157 542 2212 λων
579 2159 720 2229 μέρη
744 2157 1032 2226 γινόμεθα,
1073 2161 1136 2211 ὲκ
1163 2161 1261 2227 τῆς
1295 2160 1499 2230 σαρκὸς
1532 2161 1698 2214 αὑτοῦ
1760 2162 1855 2213 καὶ
1907 2159 2016 2214 τῶν

429 2251 636 2304 ὀστέων
688 2250 856 2304 αὑτοῦ
914 2249 1196 2317 σύσσωμοι
1245 2251 1486 2322 Χριστοῦ
1539 2253 2012 2325 χρηματίζοντεςο

429 2344 492 2397 οὐ
527 2343 636 2414 γὰρ
669 2346 748 2406 εἰς
781 2343 1071 2414 ἀφεδρῶνα
1111 2343 1348 2414 χωροῦσι
1379 2344 1555 2398 ταῦτα
1584 2346 1706 2399 οὐδὲ
1763 2345 2018 2414 φθείρον-

429 2453 544 2499 ται,
576 2435 698 2490 οὐδὲ
738 2436 1120 2500 δαπανῶνται,
1155 2437 1231 2506 μὴ
1257 2438 1486 2504 γένοιτο,
1517 2436 1634 2490 ἀλλ’
1687 2440 1768 2499 είς
1819 2439 2019 2489 σύστα-

431 2543 519 2579 σιν
547 2523 784 2594 οὓσιὼδη
813 2523 1054 2596 χωροῦσι
1082 2525 1190 2578 τῶν
1213 2526 1766 2595 μεταλαμϐανόντων,
1793 2527 1894 2595 τὴν
1915 2525 2014 2595 τῆς

429 2615 612 2686 ψυχῆς
638 2615 830 2670 οὐσίαν
857 2616 949 2668 καὶ
984 2615 1079 2668 τοῦ
1113 2616 1367 2683 σώματος
1404 2613 1797 2683 συντηροῦνται.

500 2707 567 2770 ς’.
601 2707 711 2759 Καὶ
743 2707 818 2776 μή
851 2723 936 2770 τις
964 2707 1205 2772 ἁκούων,
1238 2706 1475 2774 Χριστὸν
1508 2709 1564 2758 ἐν
1599 2709 1730 2775 ἡμῖν
1764 2706 2013 2774 γίνεσθαι

427 2797 517 2852 διὰ
561 2798 660 2870 τῆς
711 2799 1097 2868 μεταλήῲεως,
1149 2800 1396 2852 ἀπιστῶν
1419 2800 1629 2865 λεγέτω
1658 2815 1671 2829 ·
1706 2794 1776 2851 Ἀ
1791 2817 1858 2868 ρα
1888 2797 2010 2862 οῦν,

427 2889 620 2961 ἐπειδὴ
651 2891 750 2944 καὶ
777 2894 834 2943 ὲν
862 2892 999 2959 ἡμῖν
1032 2888 1316 2954 αὐλίζεται
1345 2889 1442 2942 τοῦ
1474 2889 1613 2942 Θεοῦ
1637 2893 1662 2941 ὁ
1690 2891 1859 2957 Λόγος
1895 2891 2010 2959 ζωὴ

423 2983 571 3049 κατὰ
600 2982 766 3051 φύσιν
798 2982 1082 3051 ὑπάρχων,
1117 2980 1382 3045 ζωοποιόν
1407 2983 1526 3034 ὲστι
1561 2981 1656 3034 καὶ
1682 2983 1742 3034 τὺ
1771 2981 2006 3034 ἑκάστου

428 3075 624 3143 σῶμα;
656 3076 821 3128 Ἷστω
845 3075 903 3128 δὲ
937 3074 1162 3145 μᾶλλον,
1191 3073 1266 3136 ὡς
1299 3074 1487 3142 ἔτερόν
1513 3078 1633 3128 ἐστι
1658 3074 1718 3126 τὸ
1745 3075 1888 3126 κατὰ
1911 3072 2007 3143 μέ-

2123 1988 2318 2056 quitur
2351 1997 2409 2042 ut
2439 2005 2606 2043 unum
2639 2004 2844 2060 corpus
2891 1991 3128 2056 Christi,
3163 2009 3424 2063 unusque
3463 1994 3710 2064 sanguis.

2124 2091 2178 2134 et
2212 2089 2404 2135 mutua
2435 2083 2682 2137 membra
2715 2083 2932 2150 ﬁamus,
2963 2101 3032 2139 ex
3071 2086 3220 2142 illius
3246 2102 3413 2142 carne
3445 2089 3710 2158 illiusque

2123 2171 2369 2234 ossibus,
2404 2174 2623 2228 Christo
2660 2178 3080 2245 concorporati.
3113 2177 3224 2232 Nec
3278 2194 3445 2246 porro
3476 2179 3606 2248 gliaec
3654 2180 3710 2233 in

2123 2264 2502 2332 aphedronem
2535 2268 2828 2331 secedunt,
2864 2283 3047 2336 neque
3092 2280 3571 2338 corrumpuntur;
3605 2270 3706 2325 ab-

2119 2360 2195 2414 sit
2223 2361 2236 2413 ι
2267 2362 2362 2414 sed
2397 2362 2451 2414 in
2500 2360 2926 2416 substantialem
2963 2360 3388 2416 consistentiam
3419 2369 3711 2416 transeunt

2120 2453 2598 2522 participantium,
2627 2461 2683 2508 et
2708 2452 2910 2508 anima:
2940 2451 3308 2524 corporisque
3334 2454 3704 2509 substantiam

2120 2553 2476 2600 conservant.

2190 2725 2245 2778 7.
2289 2723 2403 2794 Age
2432 2738 2586 2786 vero,
2613 2739 2683 2778 ne
2720 2725 2867 2778 forte
2925 2723 3128 2792 aliquis
3157 2725 3393 2782 audiens
3421 2724 3705 2780 Christum

2118 2816 2171 2869 in
2201 2815 2358 2868 nobis
2393 2813 2510 2866 ﬁeri
2543 2830 2640 2883 per
2667 2814 2810 2867 hanc
2841 2815 3352 2883 participationem,
3381 2815 3704 2870 incredulus

2117 2905 2307 2960 dicat:
2339 2905 2577 2974 Ergone,
2614 2905 2745 2971 quia
2774 2904 2828 2957 in
2855 2905 3014 2958 nobis
3051 2905 3146 2958 Dei
3183 2904 3422 2960 Verbum
3466 2908 3702 2965 habitat,

2115 2996 2266 3066 quod
2333 3007 2418 3050 est
2475 3003 2675 3064 suapte
2735 3007 2934 3048 natura
2979 2996 3112 3060 vita,
3173 3006 3428 3050 nostrum
3480 3011 3705 3065 quoque

2118 3087 2557 3158 uniuscujusque
2597 3100 2804 3155 corpus
2834 3086 3115 3140 viviﬁcnm
3145 3087 3390 3140 evadet?
3422 3086 3569 3141 Sciat
3599 3089 3704 3140 ita~

426 3167 575 3230 θεξιν
604 3168 864 3237 σχετικὴν
897 3168 1047 3238 ἡμᾶς
1073 3166 1222 3236 ἔχειν
1252 3169 1310 3219 ὲν
1336 3167 1554 3228 ἑαυτοῖς
1583 3167 1678 3219 τὸν
1712 3166 1842 3219 Υἱὺν
1887 3163 2004 3237 [τοῦ

2116 3194 2217 3251 que
2257 3179 2345 3232 hic
2387 3179 2587 3247 potius,
2621 3177 2772 3230 aliud
2811 3193 2933 3231 esse
2983 3194 3082 3248 per
3133 3178 3419 3231 relativani
3466 3179 3695 3247 partit~i-.

426 3258 606 3330 8106],
656 3260 750 3312 καὶ
810 3259 998 3330 ἕτερον
1048 3259 1360 3328 ὁλοτρόπως
1411 3261 1474 3310 τὸ
1503 3259 1693 3312 τοῦτον
1751 3258 2009 3326 γενέσθαι

427 3351 632 3420 σάρκα,
659 3350 943 3402 τουτέστιν
977 3349 1112 3402 ἴδιον
1145 3347 1482 3417 ποιήσασθαι
1511 3350 1696 3417 σῶμα,
1719 3350 1778 3399 τὸ
1812 3350 1876 3400 ὲκ
1909 3348 2010 3415 τῆς

424 3443 590 3509 ἁγίας
626 3439 907 3509 Παρθένου
963 3441 1192 3511 ληφθὲν,
1242 3443 1342 3494 καὶ
1390 3440 1566 3510 τούτῳ
1615 3440 1816 3494 ἐνωθὲν
1867 3440 2009 3506 ὑπὲρ

421 3535 612 3604 λόγον’
644 3535 704 3588 οὐ
737 3536 844 3604 γὰρ
873 3536 932 3588 ὲν
958 3533 1438 3604 ἠμῖνιγενόμενος,
1464 3533 1884 3600 ὲνανθρωπῆσαι
1916 3533 2008 3585 λέ-

431 3647 615 3697 γεται,
647 3631 743 3684 καὶ
769 3629 1029 3698 γενέσθαι
1060 3627 1219 3698 σὰρξ,
1250 3627 1408 3680 τοῦτο
1446 3629 1555 3696 γὰρ
1579 3627 1804 3693 γέγονεν
1835 3625 2003 3690 ἅπαξ,

421 3723 512 3777 ὅτε
564 3725 840 3792 προῆλθεν
885 3722 1198 3790 ἄνθρωπος,
1233 3721 1336 3772 οὐκ
1394 3718 1689 3773 ἀποϐαλὼν
1744 3721 1804 3770 τὸ
1863 3713 2005 3768 εἶναι

419 3816 584 3878 Θεός⁹
617 3816 754 3868 ἀλλὰ
789 3815 930 3868 κατὰ
964 3812 1186 3883 μέθεξιν
1221 3808 1480 3881 σχετικὴν
1508 3810 1725 3876 λέγεται
1747 3807 2005 3876 γενέσθαι

419 3907 739 3980 θεοπρεπῶς
789 3908 874 3960 διὰ
909 3906 1004 3959 τοῦ
1058 3907 1216 3973 ἁγίου
1278 3903 1594 3972 Πνεῦματος
1620 3917 1634 3933 °
1669 3902 1756 3954 ἶνα
1788 3903 1893 3971 γὰρ
1929 3902 2004 3972 μὴ

421 4002 583 4070 μόνον
615 4001 759 4054 κατά
802 4000 901 4071 τὴν
953 4001 1176 4068 ἀγάπην
1198 3997 1357 4050 τοῦτο
1404 3995 1715 4064 γενώμεθα,
1747 3993 1884 4047 ἀλλὰ
1910 3995 2006 4046 καὶ

417 4093 537 4144 κατ’
569 4091 700 4144 αὐτὸ
732 4090 791 4142 τὸ
831 4093 1070 4160 πρᾶγμα
1118 4090 1257 4160 πρὸς
1279 4089 1500 4156 ἐκείνην
1527 4086 2003 4156 ἀνακερασθῶμεν

415 4184 516 4252 τὴν
547 4186 748 4252 σάρκα,
779 4183 870 4235 διὰ
910 4185 1012 4252 τῆς
1060 4185 1270 4255 τροφῆς
1315 4181 1475 4235 τοῦτο
1510 4181 1745 4248 γίνεται,
1772 4183 1838 4249 ἢν
1875 4183 2003 4250 ὲχαο

421 4279 632 4350 ρίσατο,
682 4276 1011 4348 βουλόμενος
1065 4279 1197 4347 ἡμῖν
1229 4277 1400 4340 δεῖξαι
1441 4275 1533 4327 τὸν
1583 4273 1749 4328 πόθον
1782 4273 1842 4328 ὃν
1889 4274 2002 4343 ἔχει

417 4374 548 4439 περὶ
574 4371 716 4438 ἡμᾶς
737 4383 752 4398 ⁸
780 4370 870 4422 διὰ
907 4369 1068 4421 τοῦτο
1102 4369 1360 4438 ἀνέμιξεν
1408 4366 1604 4420 ἑαυτὸν
1631 4370 1696 4436 τῇ
1748 4366 2002 4436 ὲπικήρῳ

416 4463 604 4529 φύσει,
637 4461 731 4514 καὶ
761 4459 931 4530 ἒέυρε
963 4460 1023 4511 τὸ
1055 4459 1216 4525 σῶμα
1275 4455 1441 4510 αὑτοῦ
1489 4457 1571 4518 εἰς
1623 4457 1792 4526 ἡμᾶς,
1827 4456 1915 4508 ἵνα
1943 4457 2001 4508 ’ἐν

2111 3271 2393 3340 pationein
2435 3268 2640 3322 habere
2684 3269 2828 3321 intra
2856 3282 2956 3321 nos
2983 3267 3182 3321 Filium
3216 3268 3308 3321 Dei
3339 3284 3352 3331 ;
3387 3268 3536 3321 aliud
3567 3282 3700 3319 veru

2113 3361 2340 3417 omnino
2371 3361 2519 3415 hunc
2547 3375 2775 3416 carnem
2815 3359 2959 3424 ﬁeri,
2997 3360 3046 3412 id
3085 3369 3170 3414 est
3214 3361 3506 3430 proprium
3556 3358 3700 3416 eilici

2112 3451 2248 3504 illud
2280 3465 2484 3520 corpus
2503 3450 2650 3520 quod
2679 3465 2746 3503 ex
2778 3458 2969 3504 sancta
2997 3447 3217 3518 Virgine
3249 3459 3554 3517 sumptum,
3584 3449 3701 3503 Deo.

2111 3542 2616 3612 supernaturaliter
2653 3541 2872 3594 unitum
2920 3539 3046 3594 fuit.
3087 3539 3305 3593 Etenim
3345 3553 3698 3607 nequaquam

2110 3647 2236 3685 cum
2270 3634 2416 3685 intra
2449 3647 2551 3685 nos
2582 3638 2688 3693 est,
2717 3630 3010 3685 humanari
3049 3629 3278 3695 dicitur,
3307 3641 3363 3684 et
3397 3645 3527 3683 caro
3553 3628 3703 3694 ilcri;

2112 3722 2165 3777 id
2199 3723 2346 3776 enim
2397 3723 2569 3778 semel
2599 3723 2820 3788 accidit,
2852 3737 2975 3775 cum
3025 3723 3192 3777 homo
3229 3723 3524 3792 processit,
3561 3721 3696 3790 quin

2109 3815 2274 3868 simul
2304 3815 2586 3869 desineret
2623 3830 2744 3868 esse
2781 3817 2925 3868 Deus
2953 3832 2966 3868 :
2996 3816 3091 3868 sed
3131 3829 3223 3882 per
3253 3814 3534 3867 relativam
3569 3829 3696 3881 par-

2109 3906 2488 3975 ticipationem
2537 3905 2739 3960 dicitur
2786 3905 2839 3960 in
2893 3907 3054 3960 nobis
3103 3905 3319 3958 ratione
3371 3905 3480 3957 Deo
3528 3905 3698 3974 digna

2106 4000 2417 4054 consistere
2470 4013 2570 4068 per
2624 4008 2882 4053 sanctum
2926 3998 3217 4068 Spiritum.
3267 3997 3340 4052 Ut
3389 3997 3536 4052 enim
3581 4013 3692 4051 non

2106 4091 2375 4145 charitate
2408 4101 2620 4144 tantum
2657 4091 2762 4145 hoc
2791 4093 3010 4154 ﬁamus,
3040 4090 3134 4145 sed
3167 4107 3224 4144 re
3255 4092 3446 4153 etiam,
3479 4100 3534 4143 et
3562 4105 3692 4150 cunt

2105 4185 2196 4238 illa
2232 4199 2399 4238 carne
2434 4185 2892 4253 permisccamur,
2937 4199 3028 4238 res
3064 4184 3180 4237 haec
3211 4182 3319 4235 cibi
3370 4197 3521 4235 more
3569 4197 3696 4248 pcr-

2107 4277 2317 4341 iicitur,
2365 4289 2529 4344 quem
2563 4268 2810 4345 largitus
2842 4284 2950 4338 est,
2986 4276 3182 4329 volens
3213 4290 3367 4328 suam
3404 4289 3533 4342 erga
3589 4288 3699 4331 nos

2106 4371 2434 4424 charitatcm
2488 4369 2893 4424 demonstrare.
2934 4367 3234 4436 Propterea
3284 4366 3593 4421 insinuavit
3629 4380 3694 4421 se

2107 4461 2330 4515 caduca:
2367 4468 2598 4524 naturae,
2632 4476 2911 4528 suumque
2940 4475 3147 4529 corpus
3177 4459 3469 4513 nobiscum
3504 4459 3692 4511 immiq

414 4572 470 4606 τι
513 4552 802 4622 γενώμεθα
854 4551 1105 4621 καθάπερ
1154 4550 1316 4619 σῶμα
1364 4549 1575 4618 κεφαλῇ
1615 4549 1994 4616 συνημμένον·

2116 4552 2272 4614 seuit.
2307 4560 2369 4606 ut
2416 4566 2586 4605 unum
2619 4550 2755 4620 quid
2808 4551 3088 4612 iteremus,
3139 4564 3239 4604 ccu
3286 4563 3490 4617 corpus
3521 4546 3694 4615 capiti

414 4645 524 4697 τῶν
548 4645 658 4714 γὰρ
711 4644 917 4713 σφόδρα
951 4643 1264 4696 ποθούντων
1312 4642 1432 4693 ἐστὶ
1471 4641 1651 4699 τοῦτο,
1687 4641 1776 4692 καὶ
1804 4643 1870 4708 τῇ
1900 4639 2000 4706 τῆς

417 4739 674 4807 θεότητος
712 4753 860 4788 κοινη
882 4737 973 4807 νίᾳ
1028 4733 1519 4802 συναποθεωθῆναι
1547 4734 1606 4787 τὸ
1633 4733 1998 4803 ἀνθρώπινον.

415 4828 592 4882 Τοῦτο
623 4827 754 4895 γοῦν
778 4831 804 4881 ό
840 4825 960 4880 Ἰὼϐ
985 4826 1359 4896 αἰνιττόμενος
1389 4827 1542 4894 ἔλεγε
1580 4826 1840 4896 περὶτῶν
1869 4825 2000 4876 ἑαυ-

415 4924 510 4976 τοῦ
537 4923 789 4984 οἰκετῶν,
808 4919 888 4984 οἷς
915 4919 983 4992 ἦν
1003 4921 1123 4990 μεθ’
1147 4920 1452 4990 ὑπερϐολῆς
1481 4919 1750 4981 ποθεινδς,
1777 4938 1794 4969 ι
1822 4919 2002 4988 Προσ-

417 5011 581 5082 φῦναι
636 5013 753 5074 ταῖς
812 5010 974 5079 σαρξί
1027 5027 1130 5080 μου
1221 5011 1320 5061 οὐκ
1377 5011 1618 5079 ἀπέσχον
1669 5009 1920 5064 ὀδοῦσιν.
1972 5027 1990 5061 ι

428 5101 660 5154 Ἐκεῖνοι
690 5103 797 5170 γὰρ
828 5101 921 5154 τὸν
954 5101 1123 5154 πολὺν
1165 5100 1345 5152 αὐτῶν
1375 5099 1778 5169 ἐνδεικνύμενοι
1809 5099 1995 5165 πόθον,

419 5192 481 5245 ὃν
527 5186 697 5263 είχον,
741 5193 960 5262 ἔλεγονο
999 5211 1019 5246 ι
1066 5194 1159 5256 ἰ’ῑς
1194 5195 1260 5246 ἂν
1289 5192 1400 5262 δῴη
1453 5197 1586 5265 ἡμῖν
1623 5199 1734 5246 τῶν
1778 5197 2000 5265 σαρκῶν

417 5287 584 5341 αὐτοῦ
639 5288 1067 5359 ὲμπ).ησθῆναι;
1111 5305 1133 5338 ι
1181 5287 1272 5341 Διὸ
1317 5287 1382 5358 δὴ
1420 5292 1513 5342 καὶ
1540 5291 1569 5342 ὁ
1598 5289 1833 5360 Χριστὸς
1865 5291 1998 5345 αὐτὸ

488 5406 510 5437 ⁸
537 5401 662 5459 Job.
692 5419 803 5460 xix.
835 5402 928 5459 22.
1006 5406 1027 5436 ⁸
1051 5403 1175 5460 Job.
1211 5422 1362 5472 χχχι,
1401 5405 1492 5461 51.

491 5561 570 5629 (3)
607 5563 876 5631 Loquitur
925 5562 994 5616 de
1023 5561 1404 5634 _venerati0ne
1435 5560 1609 5616 Graeci
1644 5563 1828 5632 populi
1864 5579 1994 5634 erga

418 5633 602 5688 oblata
635 5635 801 5689 etiam
844 5649 969 5688 cum
1005 5631 1360 5686 deducuntur
1399 5631 1798 5701 pompatice'atl
1833 5631 1992 5690 men-

416 5721 533 5760 5am
567 5713 626 5760 ut
659 5711 1097 5766 consecrentur;
1152 5701 1221 5756 de
1269 5717 1382 5772 quo
1431 5704 1537 5756 ritu
1590 5705 1722 5759 satis
1771 5716 1995 5759 contro-

417 5790 578 5829 verso
625 5775 758 5828 alibi
809 5789 910 5830 nos
942 5772 1111 5826 locuti
1150 5787 1368 5838 sumus,
1401 5774 1613 5829 scilicet
1662 5776 1716 5828 in
1754 5775 1858 5829 hac
1901 5777 1991 5830 Bi-

420 5849 616 5905 bzioth.
669 5854 709 5902 t.
760 5845 847 5912 IV,
886 5862 937 5916 p.
987 5843 1076 5911 61,
1119 5843 1210 5900 ubi
1247 5843 1578 5917 Eutychium
1618 5846 1989 5916 patriarcham

2097 4645 2378 4716 junctum.
2412 4644 2624 4698 Eximie
2665 4643 2812 4697 enim
2847 4645 3153 4698 amantium
3187 4643 3290 4696 hoc
3327 4657 3468 4710 opus
3494 4650 3600 4704 est,
3637 4648 3698 4704 ιιι

2106 4753 2204 4807 per
2230 4737 2454 4790 deitatis
2479 4738 2931 4790 communionem
2980 4736 3148 4791 simul
3188 4735 3355 4789 homo
3379 4732 3692 4787 deiﬁcetnr.

2112 4829 2244 4882 Rem
2300 4829 2445 4882 hanc
2480 4828 2742 4883 videlicet
2771 4828 2945 4883 Jobus
2978 4829 3241 4891 innuens,
3278 4827 3348 4880 de
3401 4824 3695 4878 familiari-

2109 4918 2214 4972 hus
2246 4919 2362 4973 suis
2409 4918 2620 4982 aiebat,
2655 4919 2862 4988 quibus
2898 4920 3100 4974 eximie
3147 4919 3351 4972 charus
3393 4925 3551 4970 crat:
3593 4933 3611 4965 ι
3653 4915 3694 4967 Δ

2109 5011 2369 5065 carnibus
2426 5012 2566 5064 meis
2629 5010 2826 5066 dentes
2875 5027 2984 5064 non
3040 5011 3397 5065 abstinebant
3428 5009 3472 5062 ⁸.
3537 5026 3556 5059 ι
3610 5005 3695 5060 illi

2108 5101 2314 5170 quippe
2348 5110 2407 5152 ut
2443 5100 2678 5153 multum
2709 5115 2870 5154 suum
2915 5116 3162 5154 amorem
3192 5105 3537 5159 ostencrent,
3575 5095 3693 5148 aie-

2108 5198 2242 5252 bant
2274 5212 2288 5250 :
2325 5215 2342 5246 ι
2377 5195 2516 5260 Quis
2552 5195 2645 5249 det
2673 5195 2839 5249 nobis
2873 5206 2932 5248 nt
2969 5201 3036 5250 de
3083 5195 3348 5249 carnibus
3385 5192 3508 5260 ejus
3539 5198 3693 5242 satu-

2105 5305 2298 5345 rcmur
2324 5289 2381 5342 '?
2418 5307 2434 5339 ι
2471 5290 2656 5355 Quare
2701 5297 2757 5342 ct
2786 5286 3045 5344 Christus
3094 5289 3243 5342 idem
3285 5285 3437 5350 iecit,
3473 5283 3542 5337 ad
3576 5297 3693 5336 ina-

2103 5566 2472 5632 produximus
2502 5565 2556 5621 id
2590 5567 2774 5623 cultus
2807 5582 2982 5635 genus
3014 5566 3536 5636 reprehendentem.
3574 5568 3690 5624 Re-

2101 5635 2250 5708 liqua
2282 5653 2428 5708 vero
2486 5639 2651 5708 hujus
2695 5639 2918 5692 articuli
2979 5635 3156 5708 usque
3200 5637 3266 5692 ad
3314 5653 3371 5692 ιι.
3427 5642 3480 5700 7,
3513 5641 3694 5695 sumit

2103 5705 2430 5763 Theodorus
2463 5724 2539 5762 ex
2561 5705 2934 5773 ‘Damasceno,
2966 5705 3136 5782 prout
3185 5709 3447 5780 leguntur
3474 5711 3531 5765 in
3563 5709 3687 5767 Cat.

2099 5774 2265 5833 Cord.
2304 5794 2360 5848 p.
2391 5779 2518 5838 755.
