4074 6538
418 401 529 468 957

1730 408 2069 471 ETHICON
2119 411 2291 472 Vill.

3594 407 3700 471 958

423 520 606 614 πάντα
653 518 966 589 οἰκονομεῖ·
1004 520 1034 576 ὁ
1060 519 1119 575 δὲ
1155 520 1336 593 ἱερεὺς
1390 520 1493 592 τὴν
1541 522 1738 576 ἐαυτοῦ
1783 523 2023 589 δανείζει

2133 524 2198 581 do
2231 525 2477 596 linguam
2524 525 2866 592 commodat,
2898 539 3211 597 manusque
3248 523 3485 596 propriae
3529 523 3699 579 ruini-

419 611 701 682 γλῶσσαν,
744 612 841 664 καὶ
897 613 998 685 τὴν
1028 612 1227 667 ἑαυτοῦ
1264 614 1496 685 παρέχει
1526 619 1685 687 χεῖρα
1715 616 1818 686 (2).

495 709 549 758 ι’.
574 703 711 772 Περὶ
733 702 941 774 ταύτης
984 705 1084 774 τῆς
1115 706 1393 775 μυστικῆς
1427 707 1524 760 καὶ
1556 708 1798 778 φρικτῆς
1823 708 2017 772 θυσίας

422 794 712 867 προλέγων
760 795 857 848 καὶ
907 792 1066 860 αὖθις
1096 798 1123 849 ὁ
1154 797 1414 867 μελῳδὸς,
1457 799 1682 868 εἴρηκεν
1732 800 1908 863 οὓτως
1950 802 2018 854 ἐκ

421 887 724 957 προσώπου
772 888 1013 958 Χριστοῦ
1066 888 1206 957 πρὸς
1256 890 1350 942 τὸν
1402 889 1537 943 Θεὸν
1589 894 1686 944 καὶ
1743 893 2015 963 Πατέραο

429 999 450 1033 ι
493 980 702 1033 Θυσίαν
743 981 843 1033 καὶ
894 981 1215 1051 προσφορὰν
1250 984 1351 1035 οὐκ
1379 982 1675 1053 ἠθέλησας,
1713 1003 1732 1035 ι
1769 987 1891 1037 ἀντὶ
1919 983 2017 1037 τοῦ

423 1072 847 1142 ἀπεδοκίμασας
887 1074 988 1142 τὴν
1038 1074 1272 1142 νομικὴν
1309 1074 1502 1127 θυσίαν
1549 1075 1646 1127 καὶ
1677 1075 1777 1143 τὴν
1808 1076 2021 1128 ἐκεῖθεν

426 1166 779 1236 προσφορὰν.
817 1164 1109 1225 ἐνστάντος
1134 1163 1383 1233 δηλονότι
1410 1165 1503 1216 τοῦ
1535 1164 1634 1233 τῆς
1662 1164 2019 1235 ἐνανθρωπήο

425 1272 565 1320 σεως
611 1257 846 1325 χρόνου·
889 1273 908 1306 ι
955 1254 1116 1324 σῶμα
1146 1254 1205 1308 δὲ
1250 1255 1566 1324 κατηρτίσω
1627 1273 1740 1324 μοι,
1784 1274 1804 1307 ι
1833 1255 2022 1309 τουτέο

429 1340 518 1401 στι
541 1346 709 1417 σῶμα
744 1364 834 1417 μοι
860 1346 1276 1407 κατεσκεύασας
1302 1349 1365 1399 ἐκ
1392 1346 1743 1415 παρθενικῶν
1769 1348 2022 1415 αἱμάτων

426 1437 507 1498 εἰς
538 1437 601 1488 τὸ
630 1434 998 1505 θυσιασθῆναι
1031 1435 1192 1487 τοῦτο
1246 1438 1344 1506 τῆς
1375 1435 1483 1487 τῶν
1516 1435 1824 1506 ἀνθρώπων
1857 1436 2021 1488 ἓνεκα

429 1527 710 1597 σωτηρίας
740 1543 755 1558 ’
794 1547 812 1579 ι
849 1526 1284 1593 ὁλοκαυτώματα
1309 1528 1404 1580 καὶ
1432 1529 1562 1597 περὶ
1613 1528 1890 1597 ἁμαρτίας
1923 1529 2023 1579 οὐκ

425 1620 768 1691 ἐξεζήτησας
793 1636 808 1651 ο
838 1639 857 1672 ι
882 1621 963 1672 ἐτι
985 1620 1364 1690 σαρκωθέντος
1395 1620 1531 1688 ἐμοῦ
1554 1618 1647 1672 τοῦ
1676 1620 1898 1686 λογικοῦ
1932 1620 2026 1671 θύ-

429 1728 599 1780 ματος
634 1714 726 1764 καὶ
758 1710 1041 1781 ἀληθινοῦ*
1065 1710 1158 1763 τοῦ
1209 1712 1308 1780 τὴν
1338 1712 1617 1777 ἁμαρτίαν
1646 1712 1897 1781 αἴροντος
1926 1710 2021 1762 τοῦ

426 1804 660 1873 κόσμου,
680 1803 835 1856 οὐδὲν
855 1804 1004 1873 θῦμα
1033 1802 1258 1871 νομικὸν
1283 1802 1584 1872 ἐζήτησας.
1615 1822 1632 1853 ι
1672 1803 1806 1855 Τότε
1840 1798 2020 1864 εἷπον,

2122 618 2357 674 sterium
2389 620 2624 689 praebet.

2195 713 2284 768 10.
2323 714 2399 767 De
2428 713 2534 768 hoc
2567 713 2804 784 mystico
2831 712 3230 780 tremendoque
3259 706 3531 763 sacriﬁcio
3556 709 3669 763 vati

2121 803 2315 858 ciuans
2349 821 2544 860 rursus
2584 806 2858 870 melodus,
2893 806 2977 860 sic
3014 804 3198 858 aiebat
3232 819 3299 857 ex
3325 801 3536 856 Christi
3573 816 3700 869 per-

2122 911 2257 949 sona
2300 896 2366 949 ad
2406 895 2576 951 Deum
2613 897 2871 951 Patrem:
2914 915 2933 948 ι
2977 893 3320 949 Sacriﬁcium
3359 903 3415 947 et
3462 891 3701 945 oblatio-

2121 1004 2247 1042 nem
2283 989 2583 1054 noluisti“;
2629 1008 2647 1039 ι
2689 989 2741 1044 id
2779 1000 2863 1044 est
2908 988 3082 1058 legale
3117 986 3447 1040 sacriﬁcium
3480 994 3535 1036 et
3564 983 3705 1035 indi-

2122 1079 2246 1131 dem
2283 1078 2662 1144 oblationem;
2696 1079 2822 1147 quia
2853 1078 2966 1148 jam
3008 1076 3247 1130 instabat
3304 1072 3704 1127 incarnationis

2128 1178 2379 1236 tempus;
2436 1187 2453 1219 ι
2499 1184 2706 1236 corpus
2733 1180 2916 1221 autem
2957 1167 3230 1235 perfecisti
3264 1165 3425 1227 mihi;
3469 1183 3486 1213 ι
3528 1162 3579 1215 id
3617 1171 3703 1212 est

2124 1274 2331 1327 corpus
2360 1259 2495 1313 mihi
2529 1260 2887 1327 composuisti
2919 1275 2984 1312 ex
3025 1258 3286 1327 virgineis
3316 1255 3702 1323 sanguinihns,

2125 1362 2185 1407 ut
2220 1352 2271 1404 id
2299 1364 2488 1420 pOSlea
2525 1351 2931 1414 immolaretur,
2965 1350 3161 1403 salutis
3194 1349 3479 1402 hominum
3513 1362 3701 1398 causa.

2131 1462 2150 1494 ι
2188 1444 2521 1498 Ηοὶυωιιεῑο
2557 1454 2614 1497 et
2646 1460 2746 1511 pro
2781 1452 3010 1512 peccato
3055 1458 3164 1495 non
3214 1440 3525 1510 postulasti.
3562 1457 3579 1488 ι
3624 1437 3703 1488 Me

2121 1535 2236 1606 jam
2274 1537 2562 1590 incantato
2606 1536 2782 1589 instar
2816 1534 3106 1589 rationalis
3154 1548 3409 1600 veraeque
3446 1532 3703 1591 victima),

2126 1638 2185 1681 et
2221 1628 2411 1681 mundi
2445 1640 2735 1697 peccatum
2774 1627 3025 1687 tollente,
3075 1625 3286 1678 nullum
3325 1623 3497 1691 legale
3525 1621 3704 1675 sacri-

2128 1720 2315 1773 licium
2367 1719 2739 1788 exquisivisti.
2780 1735 2800 1769 ι
2836 1718 2993 1772 Tunc
3036 1716 3152 1771 dixi
3192 1733 3205 1769 :
3261 1716 3399 1769 Ecce
3449 1714 3634 1768 venio.
3684 1732 3702 1762 ι

2126 1808 2400 1863 Nimirum
2426 1824 2551 1863 cum
2581 1808 2774 1877 legalia
2814 1806 3088 1861 sacriﬁcia
3118 1804 3403 1873 respuisti.
3441 1814 3573 1856 tunc
3606 1817 3708 1870 ego

437 1895 573 1949 Ἰδοὺ
596 1896 719 1967 ἥκω
739 1910 753 1927 ο
792 1915 811 1947 ι
834 1895 1120 1949 τουτέστιν
1147 1896 1237 1951 ὅτε
1263 1897 1332 1947 τὰ
1361 1896 1563 1962 νομικὲι
1592 1895 1812 1963 θύματα
1842 1896 2023 1959 ἁπηυο

2133 1900 2237 1954 dixi
2268 1917 2280 1952 :
2333 1916 2464 1955 ecce
2518 1912 2578 1953 ut
2629 1899 2786 1954 vides
2821 1908 3050 1969 paratus
3073 1913 3218 1951 sum.
3251 1897 3381 1951 Item
3410 1914 3424 1949 :
3461 1914 3477 1945 ι
3522 1895 3707 1957 Pater,

426 1990 687 2060 δόκησας,
709 1989 834 2042 τότε
860 1987 1014 2041 εἷπον
1047 1990 1233 2054 αὐτὸς,
1265 1990 1348 2041 ὅτι
1381 1989 1456 2051 ὡς
1483 1988 1617 2058 ὁρᾷς
1646 1989 2014 2058 ἡτοίμασμαι’

428 2081 545 2147 καὶ,
577 2099 596 2132 ι
621 2082 823 2149 Πάτερ,
855 2080 1092 2151 ῆγγικεν
1119 2081 1152 2151 ἡ
1177 2079 1319 2150 ὥρα,
1340 2081 1570 2144 δόξασόν
1586 2097 1684 2133 σου
1711 2080 1804 2133 τὸν
1832 2081 1978 2147 Υίὸν,
1997 2098 2015 2131 ι

426 2173 516 2228 διὰ
561 2173 659 2227 τοῦ
719 2172 961 2243 σταυροῦ
999 2174 1246 2239 πάντως,
1292 2173 1369 2235 ὡς
1405 2173 1709 2240 εὐδόκησας
1746 2174 1841 2224 τὸν
1875 2172 2021 2242 ὑπὲρ

428 2266 530 2336 τῆς
585 2266 809 2320 πάντων
846 2264 1125 2334 σωτηρίας
1187 2264 1460 2333 ἡμέτερον
1518 2263 1771 2317 θάνατον.
1815 2262 2022 2315 Τοῦτον

426 2358 517 2411 τὸν
561 2356 817 2427 οὐράνιον
840 2355 1007 2427 ἄρτον
1035 2356 1130 2409 καὶ
1176 2356 1392 2426 ζωηρδν
1428 2354 1804 2425 προεικόνιζον
1837 2355 1888 2407 οι
1924 2357 2022 2424 τῆς

428 2448 746 2517 προθέσεως
770 2449 929 2517 ἄρτοι
969 2448 1026 2499 τὸ
1070 2447 1338 2509 παλαιόν·
1394 2448 1588 2500 τοῦτον
1613 2450 1641 2499 ὁ
1684 2447 1917 2511 Ἡσαΐας
1965 2451 2026 2502 ἐν

427 2540 588 2610 τύπῳ
643 2540 989 2608 θεασάμενος
1055 2540 1353 2608 ἄνθρακος,
1416 2540 1485 2592 δι’
1533 2541 1702 2593 αὐτοῦ
1753 2541 1857 2609 τὴν
1916 2538 2025 2591 τῶν

430 2633 720 2705 ἁμαρτιῶν
749 2633 916 2686 ἐλαὸε
948 2633 1220 2703 κάθαρσιν
1245 2649 1261 2664 ο
1294 2633 1484 2702 ὥσπερ
1531 2634 1641 2702 γὰρ
1672 2633 1884 2703 ἄνθραξ
1928 2636 2029 2685 οὐκ

402 2727 552 2781 ,ἐστι
617 2726 774 2791 ξύλον
828 2726 1000 2792 λιτὸν,
1027 2725 1142 2779 ἀλλ’
1183 2727 1472 2796 ἡνωμένον
1508 2729 1662 2796 πυρὶ,
1700 2726 1842 2779 οὕτω
1876 2730 1970 2779 καὶ
2001 2728 2029 2778 ὁ

433 2819 580 2882 θεῖος
612 2820 779 2890 ἄρτος
806 2819 909 2886 τῆς
943 2819 1255 2881 κοινωνίας,
1286 2820 1465 2889 ἄρτος·
1505 2818 1662 2885 ψιλὸς
1715 2820 1816 2872 οὐκ
1855 2819 2005 2872 ἐστιν

432 2913 548 2967 ἀλλ’
580 2913 862 2984 ἡνωμένος
915 2912 1137 2983 θεότητι
1162 2928 1177 2943 ο
1214 2913 1377 2980 σῶμα
1407 2912 1461 2964 δὲ
1494 2912 1778 2981 ἡνωμένον
1808 2899 2030 2982 θεότητξ

435 3007 499 3060 οὐ
562 3010 662 3076 μία
718 3005 883 3074 φύσις
933 3004 1106 3068 ἐστὶν,
1154 3003 1292 3057 ἀλλὰ
1344 3003 1445 3073 μία
1482 3002 1581 3070 μὲν
1614 3000 1712 3054 τοῦ
1751 3001 2026 3069 σώματος,

438 3099 542 3169 τῆς
589 3100 646 3151 δὲ
700 3099 993 3168 ἡνωμένης
1044 3094 1197 3165 αὐτῷ
1249 3094 1504 3163 θεότητος
1553 3094 1756 3164 ἑτέρα·
1789 3093 1935 3146 ὥστε
1965 3094 2029 3145 τὸ

438 3190 858 3260 συναμφότερον
904 3190 966 3241 οὐ
1021 3189 1120 3257 μία
1174 3186 1360 3254 φύσις,
1394 3187 1530 3239 ἀλλὰ
1573 3186 1702 3239 δύου
1750 3186 1837 3240 διὰ
1867 3186 2029 3240 τοῦτο

438 3284 535 3335 καὶ
562 3282 624 3332 τὸ
655 3280 920 3351 μυστικὸν
946 3273 1088 3348 αἷμα
1121 3278 1327 3346 ταύτης
1366 3277 1464 3345 τῆς
1495 3279 1692 3347 καινῆς
1730 3281 1823 3330 καὶ
1856 3280 2025 3347 μεγά-

436 3373 538 3444 λης
571 3371 763 3433 θυσίας
792 3374 1009 3425 ἐλαύνει
1043 3370 1142 3440 μὲν
1173 3370 1439 3438 δαίμονας
1491 3368 1584 3422 καὶ
1635 3369 1923 3439 πόρρωθεν
1954 3365 2029 3421 εἴ·

438 3483 528 3520 ναι
560 3467 728 3532 ποιεῖ,
761 3464 914 3517 καλεί
946 3464 1003 3516 δὲ
1034 3462 1306 3531 ἀγγέλους
1337 3461 1476 3527 πρὸς
1507 3462 1655 3530 ἡμᾶς
1688 3462 1781 3514 καὶ
1810 3462 1900 3513 τὸν
1947 3462 2036 3513 δε-

440 3561 649 3631 σπότην
687 3562 800 3615 τῶν
835 3560 1090 3627 ἀγγέλων
1118 3576 1136 3593 ο
1171 3560 1305 3613 ὅπου
1351 3561 1461 3630 γὰρ
1494 3557 1647 3611 ῑδωσι
1682 3557 1743 3607 τὸ
1795 3551 1937 3623 αἷμα
1972 3555 2034 3608 τὸ

2122 1992 2593 2061 appropinquavit
2646 1991 2803 2053 hora,
2853 1990 3101 2057 gloriliea
3138 1989 3338 2043 Folium
3399 1986 3641 2049 tuum",
3683 2004 3702 2035 ι

2122 2102 2352 2156 prorsus
2397 2102 2496 2155 per
2536 2101 2783 2150 crucem,
2841 2082 3295 2153 quandoquidem
3344 2080 3442 2133 tibi
3499 2078 3708 2148 placuit

2122 2188 2312 2234 nostra
2353 2194 2454 2248 pro
2487 2178 2739 2232 omnium
2773 2177 2950 2231 salute
2985 2190 3155 2229 mors.
3188 2175 3391 2229 Panem
3420 2173 3568 2226 hunc
3600 2186 3711 2227 cre-

2123 2272 2317 2324 lestem
2358 2270 2787 2339 praeﬁgurabant
2822 2266 3230 2335 propositionis
3262 2280 3434 2335 panes
3466 2264 3712 2331 antiqui-

2126 2372 2235 2417 tus.
2288 2362 2447 2416 llunc
2502 2361 2676 2417 lsaias
2725 2360 2781 2414 in
2850 2358 3113 2413 carbonis
3162 2356 3335 2425 ﬁgura
3389 2354 3709 2423 conspexit,

2127 2467 2338 2521 perque
2401 2467 2528 2505 eum
2587 2459 2946 2521 peccatorum
3019 2447 3407 2516 purgationem
3471 2445 3709 2513 accepit.

2130 2544 2287 2599 Sicut
2319 2544 2470 2599 enim
2499 2545 2592 2613 qui
2620 2542 2966 2611 conspicitur
3008 2544 3178 2595 carbo
3210 2553 3320 2592 non
3351 2544 3436 2590 est
3478 2536 3713 2603 simplex

2086 2676 2089 2683 .
2129 2635 2371 2705 lignum,
2404 2635 2504 2691 sed
2536 2635 2649 2705 igni
2689 2635 2934 2698 unitum,
2963 2631 3038 2686 ita
3064 2630 3288 2685 divinus
3309 2628 3714 2683 connuunionis

2132 2727 2292 2796 panis
2342 2741 2450 2779 non
2502 2735 2591 2780 est
2639 2723 2866 2794 proprie
2909 2720 3091 2788 panis,
3125 2719 3221 2773 sed
3258 2716 3449 2770 deitati
3480 2716 3713 2783 conjun-

2130 2823 2324 2889 gitur:
2367 2834 2567 2888 corpus
2618 2826 2804 2872 autem
2863 2814 3057 2869 deitati
3091 2811 3465 2878 «coniunctum
3494 2850 3508 2872 ,
3564 2807 3712 2861 haud

2136 2912 2296 2965 unica
2330 2919 2529 2963 natura
2560 2918 2666 2972 est,
2700 2906 2796 2962 sed
2829 2920 2935 2958 una
2962 2903 3185 2972 quidem
3228 2899 3479 2968 corporis
3513 2907 3710 2951 natura

2132 3016 2250 3067 est,
2293 3002 2588 3071 conjuncta
2646 3010 2833 3054 autem
2899 3012 3028 3051 eum
3096 3010 3163 3048 eo
3227 2992 3449 3047 deitatis
3518 2990 3713 3043 altera.

2133 3100 2312 3164 Quare
2351 3107 2649 3163 utrumque
2695 3091 2838 3146 haud
2874 3105 2982 3143 una
3034 3097 3235 3141 natura
3278 3094 3383 3147 est,
3426 3082 3519 3136 sed
3568 3082 3715 3145 duae.

2138 3190 2262 3243 Ideo
2327 3186 2598 3257 mysticus
2679 3182 2905 3252 sanguis
2969 3179 3095 3234 novi
3189 3177 3354 3245 hujus
3421 3172 3718 3242 magnique

2134 3277 2389 3332 sacriﬁcii
2470 3274 2698 3343 expellit
2741 3274 3025 3327 daemones
3067 3271 3342 3337 longeque
3399 3265 3719 3326 submovet,

2138 3370 2363 3441 angelos
2401 3368 2841 3437 angelorumque
2903 3364 3194 3418 Dominum
3239 3359 3306 3412 ad
3360 3372 3462 3411 nos
3505 3363 3665 3410 Vocat
3702 3369 3718 3406 :

2145 3462 2237 3516 ubi
2271 3461 2418 3514 enim
2469 3458 2816 3513 Dominicum
2850 3453 3172 3524 sanguinem
3203 3450 3466 3511 viderint,
3500 3447 3722 3517 fugiunt

2143 3555 2370 3625 quidem
2406 3552 2711 3617 daemones,
2740 3548 2922 3620 angeli
2953 3557 3139 3602 autem
3169 3528 3492 3600 accurrunt.

437 3657 783 3722 δεσποτικὸν,
853 3654 1117 3725 φεύγουσι
1189 3654 1289 3720 μὲν
1324 3652 1602 3722 δαίμονες,
1634 3651 1992 3719 συντρέχουτι
2027 3650 2083 3701 δὲ
2127 3648 2377 3715 ἄγγελοι.

516 3750 606 3808 ια’.
630 3752 740 3805 Καὶ
762 3750 852 3804 ἶνα
874 3748 1134 3818 μάθωμεν
1156 3746 1251 3801 τοῦ
1273 3748 1503 3816 αἵματος
1521 3745 1712 3797 τούτου
1727 3745 1825 3807 τὴν
1854 3745 2008 3811 ίσχὺν

441 3846 853 3915 ἀιιαδρὰμωμεν
884 3843 979 3895 ἐπὶ
995 3842 1085 3895 τὸν
1098 3841 1268 3895 τύπον
1288 3838 1477 3903 αὐτοῦ,
1493 3840 1585 3890 ἐπὶ
1602 3839 1668 3889 τὰ
1693 3837 1898 3889 παλαιὰ
1917 3840 2036 3903 διη-

442 3940 512 4007 γή
523 3955 668 4007 ματα
685 3938 754 3990 τὰ
772 3938 830 3988 ἐν
849 3933 1138 4003 Αἰγύπτῳ·
1164 3933 1263 4000 τὴν
1283 3932 1518 3999 δεκάτην
1539 3947 1567 3997 γ
1580 3928 1649 3998 ὰρ
1671 3927 1880 3997 μέλλων
1897 3926 2036 3994 πλη-

443 4037 548 4105 γὴν
564 4010 993 4101 ἐ-πὰγεινδθεδς
1033 4032 1148 4092 τοῖς
1181 4027 1524 4095 Αἰγυπτίοις,
1558 4026 1652 4078 καὶ
1701 4024 1914 4077 ἀνελεῖν
1970 4022 2036 4075 τὰ

445 4128 768 4198 πρωτότοκα
790 4123 1188 4191 αὐτῶν,ἐπειδὴ
1205 4123 1298 4174 τὸν
1316 4122 1661 4189 πρωτότοκον
1676 4116 1840 4169 αὑτοῦ
1859 4115 2040 4168 κατεῖ-

444 4236 540 4288 χον
559 4217 706 4283 λαὸν,
727 4216 822 4268 ἐπε
833 4216 974 4285 μψεν
994 4215 1224 4284 ἄγγελον
1243 4214 1364 4266 ὀλοθ
1375 4212 1572 4282 ρευτὴν
1590 4210 1807 4263 ἐπιόντα
1825 4211 1945 4271 ταῖς
1957 4209 2038 4258 ol-

448 4308 597 4370 κίαις
620 4323 636 4338 ο
672 4306 976 4378 προσέταξε
997 4307 1053 4359 δὲ
1070 4309 1184 4367 τοῖς
1209 4303 1483 4373 Ἑϐραίοις
1519 4302 1690 4370 ἁμνὶιν
1708 4297 2039 4369 ἅμωμονθῦο

453 4416 566 4461 σαι,
590 4401 683 4453 καὶ
702 4401 762 4452 τὸ
785 4394 926 4469 αἷμα
946 4398 1112 4451 αὐτοῦ
1125 4399 1246 4459 ταῖς
1266 4397 1458 4466 θύραις
1479 4393 1781 4463 ἐπιχρίσαι,
1798 4390 1938 4444 ὥστε
1966 4391 2039 4460 μὴ

2216 3742 2304 3795 li.
2347 3740 2526 3807 Atque
2566 3750 2621 3792 ut
2670 3737 2835 3806 hujus
2881 3731 3172 3803 sanguinis
3210 3731 3492 3785 discamus
3522 3734 3723 3795 poten-

2143 3835 2297 3897 tiam,
2335 3848 2688 3886 recurramus
2719 3830 2786 3883 ad
2839 3832 2961 3900 ejus
2992 3828 3238 3896 ﬁguram,
3276 3825 3326 3878 id
3379 3833 3462 3877 est
3508 3823 3575 3875 ad
3611 3822 3726 3889 pri-

2141 3940 2262 3979 scas
2294 3932 2573 3989 gestarum
2605 3937 2788 3975 rerum
2823 3921 2875 3974 in
2910 3919 3146 3989 Egypto
3177 3916 3550 3969 narrationes.
3582 3913 3721 3967 Nam

2144 4031 2268 4069 cum
2334 4016 2605 4069 decimam
2692 4014 2836 4068 Deus
2910 4012 3125 4080 plagam
3199 4008 3511 4061 inﬂicturus
3578 4013 3725 4059 esset

2147 4107 2445 4177 Aigyptiis,
2486 4115 2537 4160 et
2594 4105 2813 4158 illorum
2865 4099 3260 4171 primogenitos
3306 4096 3723 4156 interfecturus,

2145 4209 2438 4269 propterea
2518 4197 2664 4266 quod
2732 4194 3162 4266 primogenitum
3217 4191 3340 4261 ejus
3407 4187 3730 4242 detinebant

2148 4291 2433 4361 populum,
2469 4290 2621 4344 misit
2668 4287 2924 4356 angelum
2974 4285 3460 4339 extermin‘atorem
3497 4280 3588 4349 qui
3624 4279 3728 4332 do-

2090 4400 2104 4405 “
2150 4400 2269 4438 mos
2297 4382 2602 4437 invaderet.
2642 4378 2919 4433 Mandavit
2949 4376 3112 4430 simul
3160 4372 3404 4428 Hebraeis
3438 4380 3496 4424 ut
3529 4370 3727 4423 imma-

448 4485 552 4554 τῆς
580 4489 870 4555 συμφορᾶς
899 4486 1104 4554 ταύτης
1147 4487 1346 4545 αὐτοὺς
1378 4485 1708 4547 κοινωνῆσαι
1733 4483 1845 4542 τοῖς
1876 4481 2028 4545 Δίγυ-

2151 4476 2394 4530 culatum
2426 4488 2626 4542 agnum
2655 4470 3037 4529 imtnolarent,‘
3067 4469 3301 4536 ejusque
3345 4460 3609 4532 sanguine
3646 4458 3730 4529 ja-

452 4580 656 4645 πτίοις,
688 4581 989 4650 ἐπειδήπερ
1025 4574 1105 4641 εἷς
1134 4579 1301 4640 τόπος
1337 4577 1537 4637 αὐτοὺς
1562 4575 1815 4642 κατεῖχεν
1835 4590 1850 4604 ·
1880 4569 1939 4622 οὗ
1973 4571 2036 4639 δὴ

455 4673 553 4726 καὶ
582 4673 900 4742 γενομένου,
937 4672 1000 4724 τὸ
1034 4667 1176 4738 αἷμα
1216 4671 1338 4722 τότε
1369 4670 1488 4730 ταῖς
1521 4666 1714 4734 θύραις
1750 4665 2036 4731 ἐπικεχρι-

456 4768 656 4836 σμένον
690 4769 719 4819 ὁ
750 4764 1062 4835 ὀλοθρεύων
1110 4763 1276 4832 ὁρῶν,
1308 4762 1408 4812 οὐκ
1445 4760 1748 4827 ἐτόλμησεν
1778 4753 2040 4823 εἰσπηδῆ-

459 4879 551 4913 σαι
571 4876 586 4891 ⁶
617 4860 667 4913 εί
702 4862 812 4930 γὰρ
847 4862 942 4910 καὶ
972 4852 1111 4926 αἷμα
1139 4852 1209 4926 ἦν
1239 4854 1436 4919 ἀλόγου
1466 4852 1606 4914 ζώου
1647 4851 1708 4902 τὸ
1734 4850 1859 4911 τοὺς
1891 4847 2041 4914 λογι-

459 4953 592 5016 κοὶις
616 4953 787 5016 σῶζον
812 4949 1136 5021 ἀνθρώπους
1154 4947 1301 5012 τότε,
1320 4945 1435 4996 ἀλλ’
1456 4945 1554 5011 οὐχ
1585 4943 1658 5004 ὠς
1682 4936 1823 5010 αἷμα
1852 4939 2042 5002 ἁπλῶς

459 5046 687 5109 ἔσωζεν,
709 5038 823 5096 ἀλλ’
851 5044 925 5103 ὡς
955 5040 1069 5107 ,τοῦ
1116 5039 1351 5108 αἵματος
1384 5036 1479 5089 τοῦ
1511 5034 1838 5089 δεσποτικοῦ
1867 5032 2039 5095 τύπος

461 5143 557 5196 δν·
603 5137 863 5205 καθάπερ
899 5134 1010 5204 γὰρ
1057 5135 1105 5185 oi.
1154 5130 1427 5201 βασιλικοὶ
1477 5127 1796 5196 ἀνδριάντες
1844 5124 2043 5193 δίψυχοι

462 5231 616 5289 ὄντες
637 5229 735 5282 καὶ
760 5223 1085 5293 ἀναίσθητοι
1104 5222 1233 5283 τοὺς
1253 5218 1707 5286 ’καταφεύγοντας
1737 5217 1816 5273 είς
1844 5215 2042 5276 αὐτοὺς

463 5321 786 5391 ἀνθρώπους
823 5314 1179 5383 αἰσθητικοὺς
1227 5313 1320 5365 καὶ
1353 5310 1635 5381 ἐμψύχους
1661 5309 1816 5369 ὄντας
1844 5304 2044 5360 διασώ-

465 5415 639 5479 ζουσι,
671 5410 833 5465 τοῦτο
861 5406 1096 5461 παλαιοῦ
1141 5404 1460 5466 κελεύοντος
1507 5403 1696 5472 νόμου,
1724 5400 1826 5453 οὐκ
1853 5399 2046 5468 ἐπειδὴ

402 5523 411 5530 ’
467 5508 668 5579 χαλκός
707 5509 868 5570 εἰσιν,
897 5503 1015 5557 ἀλλ’
1043 5498 1235 5568 ἐπειδὴ
1284 5497 1379 5551 τοῦ
1433 5496 1699 5566 βασιλέως
1732 5494 1871 5547 εἰσιν
1903 5492 2049 5545 εικό-

470 5628 473 5631 i
540 5670 562 5701 ’
592 5666 739 5723 Psal.
772 5677 961 5730 χχχιχ,
1001 5659 1256 5731 7,-ﬂebr.
1285 5672 1339 5722 ι,
1377 5656 1432 5712 5.
1510 5656 1736 5713 “Joan.
1778 5669 1913 5722 xvu,
1944 5654 1998 5707 1.

2146 4582 2286 4621 nuas
2315 4567 2667 4636 inungerent,
2706 4577 2773 4616 ue
2806 4559 3059 4615 eamdem
3098 4558 3472 4613 calamitatem
3508 4553 3729 4623 partici-

2148 4670 2346 4728 parent
2369 4673 2493 4711 cum
2516 4655 2812 4726 lEgyptiis,
2833 4654 2926 4723 qui
2952 4666 3139 4706 secum
3165 4667 3272 4703 uno
3289 4652 3407 4703 loco
3440 4647 3731 4700 moraban-

2155 4764 2267 4806 tur.
2303 4751 2422 4817 Quo
2453 4766 2587 4805 sane
2628 4736 2797 4812 facto,
2842 4747 3165 4815 sanguinein
3205 4742 3390 4813 januis
3422 4742 3731 4808 inspersum

2155 4844 2353 4898 videns
2385 4843 2808 4903 exterminator,
2851 4841 2995 4891 haud
3030 4853 3198 4891 ausus
3224 4844 3309 4889 est
3343 4834 3472 4887 illuc
3492 4831 3729 4901 ingredi.

2152 4936 2268 4990 Etsi
2302 4936 2449 4989 enim
2483 4934 2708 5004 sanguis
2754 4942 2874 4986 erat
2907 4932 3080 4984 bruta:
3113 4929 3361 4998 pecudis,
3401 4927 3448 4980 is
3476 4926 3569 4995 qui
3602 4935 3733 4979 tunc

2152 5029 2452 5082 rationales
2488 5027 2743 5081 homines
2770 5025 3036 5087 salt'ahat,
3076 5037 3182 5077 non
3232 5034 3411 5074 tamen
3451 5028 3727 5089 quatenus

2150 5119 2377 5188 sanguis
2431 5128 2573 5182 erat,
2634 5117 2727 5169 sed
2787 5125 3060 5183 quatenus
3114 5109 3385 5167 Ilominici
3442 5106 3726 5176 sanguinis

2152 5214 2323 5281 ﬁgura
2347 5217 2488 5272 erat,
2517 5208 2788 5263 saivahat.
2814 5205 3085 5259 Nimirum
3112 5205 3253 5258 sicut
3278 5201 3486 5267 regales
3515 5209 3728 5263 statuae,

2152 5316 2277 5358 cum
2313 5302 2424 5357 sint
2455 5300 2747 5355 insensilos
2781 5307 2838 5353 et
2881 5296 3170 5360 inanimes,
3206 5290 3565 5346 nihilominus
3592 5305 3726 5344 con-

2153 5396 2433 5466 fugientes
2457 5395 2521 5448 ad
2552 5408 2647 5447 eas
2677 5392 2933 5445 homines
2959 5403 3123 5443 sensu
3154 5385 3446 5454 animaque
3472 5381 3725 5453 praeditos

2152 5488 2392 5552 salvant,
2429 5486 2511 5541 sic
2544 5486 2722 5556 prisca
2752 5482 2926 5554 juben
2939 5491 2989 5537 te
3018 5481 3136 5551 lege
3160 5520 3174 5548 ,
3205 5492 3317 5531 non
3345 5476 3473 5546 quia
3501 5491 3574 5530 aes
3596 5480 3728 5529 sunt

550 5848 627 5920 (Et)
663 5846 869 5903 Confer
897 5847 1374 5924 Chrysostomum,
1407 5850 1446 5900 t.
1466 5841 1535 5909 ll,
1562 5839 1631 5898 de
1656 5839 1969 5912 proditione
1992 5835 2145 5896 διιᾶσι
2182 5832 2376 5892 homil.
2409 5846 2452 5901 ι,
2474 5831 2509 5889 6
2538 5841 2596 5889 et
2622 5848 2685 5900 ιι,
2713 5826 2764 5884 6.
