4074 6552
435 415 537 479 959

1532 408 1943 472 THEODORI
1984 405 2543 472 MELITENIOTrE

3602 415 3706 482 960

434 532 530 590 sed
563 530 696 602 quia
724 530 874 603 regis
907 539 1038 588 sunt
1083 529 1387 602 iagines:
1422 529 1505 587 sic
1535 538 1592 584 et
1639 530 1734 585 ille
1787 527 2013 598 sanguis

2127 543 2229 592 νες,
2261 527 2405 582 οὕτω
2449 527 2515 597 δὴ
2560 525 2656 582 καὶ
2683 526 2745 582 τὸ
2775 522 2919 598 αἷμα
2959 529 3138 584 ἐκεῖνο
3165 530 3228 585 τδ
3256 531 3586 605 ἀναίσθητον
3617 541 3710 591 καὶ

434 623 720 678 insensilis
751 631 807 678 et
833 623 1096 678 inanimis
1145 623 1421 677 animatos
1457 623 1686 677 salvavit
1733 621 2013 685 homines,

436 729 550 769 non
577 715 707 785 quia
740 716 966 785 sanguis
991 722 1131 779 erat,
1157 713 1254 768 sed
1277 713 1404 784 quia
1428 713 1700 769 Dominici
1728 712 2017 782 sanguinis

435 806 629 876 ﬁgura.
680 807 800 862 Jam
848 807 895 860 si
931 807 1081 861 illius
1134 805 1308 876 ﬁgura
1362 815 1570 860 tantam
1633 806 1745 859 vim
1795 805 2014 868 habuit,

433 900 612 953 multo
644 901 907 968 majorem
955 901 1180 954 veritas.
1231 900 1289 953 Si
1336 900 1564 969 angelus
1610 899 1792 953 visum
1826 898 2018 969 ﬁgura

437 991 762 1058 sanguinem
817 991 1094 1044 reveritus
1136 1000 1242 1057 est,
1301 992 1475 1046 multo
1512 992 1684 1062 magis
1739 992 2015 1054 diabolus,

437 1083 795 1143 veritatis,id
851 1094 936 1137 est
984 1082 1189 1139 Christi
1242 1087 1568 1154 sanguinem
1623 1085 1842 1147 videns.
1907 1099 2017 1138 non

437 1174 620 1240 ianuis
676 1175 1010 1241 inspersum,
1069 1177 1163 1227 sed
1216 1175 1299 1228 ori
1353 1176 1624 1240 fidelium,
1676 1177 1882 1246 ianuis,
1935 1176 2019 1229 in-

437 1279 622 1330 quam,
656 1264 887 1318 animati
926 1267 1117 1335 templi
1152 1266 1270 1331 Dei,
1308 1267 1482 1339 fugiet
1507 1269 1779 1339 longeque
1808 1284 1867 1326 se
1892 1269 2022 1325 sub-

435 1361 623 1410 ducet.

511 1450 599 1504 £2.
639 1449 741 1506 llic
763 1452 893 1505 novi
918 1453 1172 1508 sacriﬁcii
1209 1455 1436 1524 sanguis
1455 1455 1667 1511 eﬂ'usus
1697 1457 2020 1512 universum

436 1543 704 1596 mundum
762 1545 960 1598 abluit.
1006 1546 1242 1615 Sanguis
1285 1546 1380 1602 hic
1426 1549 1480 1602 in
1532 1547 1727 1621 ﬁgura.
1762 1550 1929 1620 adyta
1965 1560 2024 1605 et

433 1629 641 1686 Sancta
687 1641 1007 1686 sanctorum
1057 1634 1426 1702 puriﬁcabat:
1463 1639 1688 1707 sanguis
1731 1639 1822 1693 hic
1867 1641 1922 1694 in
1961 1641 2025 1694 ﬁ-

438 1740 572 1794 gura
602 1726 772 1779 altare
805 1741 1039 1780 aureum
1091 1727 1515 1785 sanctiﬁcabat:
1557 1732 1767 1800 absque
1805 1734 1914 1788 hoc
1963 1734 2019 1787 in

2121 621 2330 691 ἄψυχον
2358 623 2486 685 τοὺς
2512 621 2696 693 ψυχὴν
2745 622 2974 693 ἔχοντας
3008 623 3334 694 ἀνθρώπους
3359 627 3464 681 ἔσω
3477 647 3580 689 τεν,
3610 631 3710 685 οὐκ

2121 713 2311 783 ἐπειδὴ
2338 711 2479 783 αἷμα
2505 710 2596 785 ἦν,
2628 712 2744 766 ἀλλ’
2777 713 2970 786 ἐπειδὴ
2999 716 3093 769 τοῦ
3125 717 3359 785 αἵματος
3387 719 3480 770 τοῦ
3519 721 3711 774 δεσπο-

2120 804 2278 858 τικοῦ
2312 805 2486 868 τύπος
2529 801 2620 874 ἦν.
2681 804 2744 860 Εί
2805 807 2862 860 δὲ
2914 808 2943 859 ὁ
3000 807 3174 873 τύπος
3212 810 3379 863 αὑτοῦ
3429 813 3704 874 τοσαύτην

2123 894 2284 966 ἔσχεν
2309 898 2482 966 ίσχὺν,
2510 897 2695 967 πολλῷ
2725 899 2930 966 μᾶλλον
2960 899 3240 971 ἡὰλήθεια
3273 900 3348 971 (Ι)
3372 915 3386 930 ⁸
3421 903 3468 954 εί
3487 905 3513 956 ὁ
3534 904 3706 970 ἄγγε-

2121 991 2211 1052 λος
2243 989 2365 1043 ίδὼν
2393 991 2455 1042 τὸ
2485 985 2627 1062 αἷμα
2657 991 2754 1045 τοῦ
2786 993 2959 1047 τύπου
2984 993 3209 1064 ᾐδέσθη,
3236 993 3417 1062 πολλῷ
3457 995 3658 1063 μᾶλλον
3682 997 3708 1050 ἑ

2121 1081 2372 1143 διάὼλος
2399 1079 2523 1134 ίδὼν
2553 1083 2612 1134 τὸ
2637 1077 2775 1150 αἷμα
2801 1084 2900 1150 τῆς
2931 1083 3196 1153 ἀληθείας
3234 1085 3295 1138 τὸ
3324 1085 3418 1138 τοῦ
3449 1085 3707 1154 Χριστοῦ.

2123 1173 2245 1241 οὐχὶ
2279 1173 2479 1241 θύραις
2529 1174 3014 1243 ὲπικεχρισμένον,
3055 1175 3190 1228 ἀλλὰ
3221 1175 3298 1243 τῷ
3339 1177 3571 1244 στόματι
3597 1175 3709 1229 τῶν

2125 1263 2367 1326 πιστῶν,
2403 1266 2526 1326 ταῖς
2577 1264 2771 1333 θύραις
2804 1264 2950 1330 λέγω
2993 1263 3090 1316 τοῦ
3142 1266 3389 1336 ἐμψύχου
3433 1265 3562 1319 ναοῦ
3607 1265 3704 1320 τοῦ

2123 1353 2286 1419 Θεοῦ,
2315 1352 2578 1422 φεύξεται
2619 1356 2716 1408 καὶ
2753 1354 2973 1424 μακράν
3014 1374 3118 1408 που
3156 1358 3472 1428 γενήσεται.

2201 1445 2291 1514 ιβ’.
2325 1446 2498 1499 Τοῦτο
2525 1446 2586 1499 τδ
2617 1447 2720 1516 τῆς
2746 1448 2941 1515 καινῆς
2977 1447 3168 1511 Θυσίας
3195 1446 3333 1517 αἷμα
3357 1448 3580 1517 ἐκχυθὲν
3606 1449 3711 1501 πᾶα

2126 1553 2226 1589 σαν
2251 1537 2348 1607 τὴν
2370 1537 2702 1608 οἰκουμένην
2737 1536 2998 1602 ἑξέπλυνε
3023 1551 3038 1565 ·
3067 1537 3225 1590 τοῦτο
3261 1539 3322 1590 τὺ
3352 1533 3490 1605 αἷμα
3521 1540 3576 1588 ἐν
3597 1539 3710 1599 τοῖς

2124 1628 2321 1689 τύποις
2363 1629 2430 1682 τὰ
2466 1629 2640 1682 ἄδυτα
2673 1630 2861 1683 καὶτὰ
2897 1631 3065 1697 Ἀγια
3087 1631 3199 1683 τῶν
3233 1629 3402 1696 ἁγίων
3431 1628 3668 1698 ἐκάθηρε
3691 1647 3706 1663 ·

2126 1721 2289 1774 τοῦτο
2316 1722 2378 1774 τὸ
2409 1716 2552 1792 αἷμα
2582 1723 2639 1774 ἒν
2669 1724 2786 1786 τοῖς
2823 1722 3020 1785 τύποις
3054 1722 3113 1775 τὸ
3145 1722 3380 1792 χρυσοῦν
3412 1722 3708 1790 θυσιαστὴ-

437 1814 714 1884 legalihus
743 1815 974 1885 ﬁgurato
1021 1818 1314 1874 sacriﬁciis
1365 1837 1475 1875 non
1509 1822 1747 1878 audebat
1777 1824 2022 1893 pontifex

2130 1830 2247 1882 ριον
2275 1815 2472 1882 ἡγίασε
2501 1830 2514 1844 ο
2548 1813 2746 1866 τούτου
2779 1816 2955 1884 χωρίς
2985 1816 3042 1868 ὲν
3073 1816 3198 1875 ταῖς
3224 1816 3481 1884 νομικαῖς
3503 1831 3708 1866 τυπουο

441 1906 497 1960 in
537 1906 698 1977 adyta
750 1909 1003 1978 ingredi:
1031 1914 1256 1980 sanguis
1285 1912 1374 1967 hic
1406 1914 1458 1966 in
1489 1913 1663 1984 figura
1707 1916 2023 1973 sacerdotes

2131 1906 2297 1976 μένου
2327 1906 2544 1968 θυσίαις
2598 1907 2699 1960 οὐκ
2725 1907 2928 1976 ἐτόλμα
2960 1909 2988 1957 ὁ
3014 1906 3308 1977 ἀρχιερεὺς
3339 1907 3420 1968 εἰς
3446 1907 3515 1959 τὰ
3538 1906 3711 1960 ἄδυτα

439 2000 739 2056 ordinabat
780 2020 795 2056 :
845 2002 936 2058 hic
968 2005 1023 2058 in
1077 2003 1249 2074 ﬁgura
1285 2015 1510 2075 peccata
1546 2009 1834 2080 purgabat.
1865 2011 2021 2076 Quod

441 2092 489 2146 si
523 2093 569 2146 is
601 2094 654 2146 in
685 2093 856 2163 ﬁgura
893 2097 1056 2151 talem
1093 2107 1414 2168 tantamque
1439 2101 1552 2155 vim
1585 2101 1780 2157 habuit
1815 2113 1926 2156 tum
1967 2104 2021 2159 in

441 2185 648 2252 templo
687 2185 1069 2254 llebrreorum,
1103 2200 1217 2245 tum
1264 2192 1428 2246 etiam
1475 2193 1530 2246 in
1565 2195 1746 2249 media
1789 2194 2024 2266 Egypto

442 2277 700 2344 postibus
730 2279 1040 2347 inspersos,
1071 2292 1245 2337 mutto
1292 2285 1467 2356 magis
1496 2300 1786 2356 postquam
1820 2288 2025 2344 veritas

439 2361 630 2432 venit,
664 2370 857 2424 umbra
906 2373 1286 2443 praeterlapsa.
1330 2375 1388 2430 Si
1437 2377 1685 2432 umbram
1735 2387 2026 2444 tantopere

442 2475 598 2524 mors
636 2463 951 2529 exhorruit,
999 2465 1313 2530 veritatem,
1362 2483 1484 2531 oro,
1532 2469 1666 2538 quid
1708 2472 1763 2523 ni
1795 2472 2028 2526 extime-

445 2552 606 2606 scat?
642 2554 741 2608 Hic
768 2564 852 2610 est
877 2556 1187 2612 animarum
1217 2569 1530 2615 nostrarum
1563 2562 1712 2617 salus
1738 2579 1751 2616 :
1796 2561 1902 2618 hoc
1930 2563 2029 2618 de-

441 2646 687 2710 lectatur
716 2649 924 2710 anima,
949 2648 1055 2703 hoc
1080 2660 1334 2715 ornatur,
1365 2651 1469 2707 hoc
1501 2652 1874 2708 inflammatur
1899 2672 1913 2710 :
1938 2655 2026 2711 hic

441 2736 570 2800 igne
601 2739 1036 2806 splendidiorem
1083 2752 1324 2797 mentem
1361 2753 1608 2798 nostram
1645 2745 1828 2799 reddit
1859 2764 1873 2800 :
1935 2747 2028 2802 hic

445 2844 586 2888 auro
620 2831 972 2900 fulgidiorem
1005 2842 1251 2888 nostram
1295 2835 1534 2890 animam
1568 2837 1698 2892 facit
1733 2856 1749 2892 :
1801 2841 2028 2909 sanguis

447 2918 542 2973 hic
572 2921 868 2990 imaginem
899 2923 1058 2978 nobis
1088 2924 1339 2978 ﬂoridam
1365 2935 1626 2996 operatur
1657 2937 1712 2981 et
1745 2929 1982 2999 regalem
2008 2947 2024 2984 :

448 3013 541 3068 hic
576 3015 930 3083 pulchritudo
980 3017 1384 3074 intestimabilis
1423 3031 1504 3074 est
1534 3038 1547 3074 :
1581 3020 1672 3076 hic
1693 3020 2026 3080 ﬁaccescere

443 3113 646 3170 anima:
689 3114 1031 3170 nobilitatem
1071 3130 1178 3168 non
1223 3115 1379 3180 sinit,
1413 3116 1649 3186 irrigans
1679 3133 1800 3174 eam
1847 3119 2028 3174 conti-

385 3246 388 3248 η
442 3220 554 3259 nuo
577 3213 634 3258 et
673 3205 987 3261 enutriens.
1020 3205 1156 3260 Nam
1198 3207 1427 3276 sanguis
1455 3208 1546 3263 ille
1571 3210 1666 3278 qui
1702 3226 1732 3264 a
1761 3209 1900 3265 cibis
1926 3226 2029 3266 no—
2051 3206 2100 3270 C

441 3293 531 3348 bis
562 3305 804 3360 creatur,
840 3296 985 3350 haud
1011 3297 1158 3351 illico
1185 3296 1444 3363 edicitur,
1464 3301 1560 3352 sed
1586 3299 1734 3354 aliud
1758 3299 2024 3369 quiddam

443 3398 612 3441 antea
647 3387 728 3442 ﬁt.
766 3389 887 3443 Non
923 3390 999 3443 ita
1037 3399 1219 3444 tamen
1273 3391 1385 3451 hic,
1416 3391 1511 3446 sed
1548 3394 1788 3445 animam
1840 3394 2025 3448 statim

444 3479 662 3550 irrigat,
696 3489 752 3535 et
782 3497 1034 3552 magnam
1071 3482 1366 3550 quamdam
1401 3483 1512 3535 vim
1543 3483 1757 3538 inserit.
1793 3485 2030 3555 Sanguis

445 3571 538 3626 hic
577 3574 666 3626 vix
709 3573 920 3628 effusus
969 3575 1172 3630 coelum
1219 3575 1494 3638 gradibile
1527 3576 1674 3632 fecit.
1720 3577 2029 3634 Tremenda

447 3679 581 3719 vere
616 3674 745 3718 sunt
783 3665 1048 3722 Ecclesiae
1078 3667 1284 3723 Christi
1331 3669 1631 3744 mysteria!
1681 3673 2027 3728 tremendum

444 3773 578 3818 vere
605 3758 778 3814 altare
808 3760 922 3820 est!

521 3996 609 4052 15.
635 3998 984 4054 Ascendebat
1008 3998 1076 4054 de
1110 4002 1366 4070 paradiso
1399 4005 1544 4067 fons,
1583 4008 1890 4064 materialia
1926 4009 2030 4063 ﬁu-

449 4086 599 4150 mina
651 4098 916 4144 erm-laus
950 4108 966 4145 :
999 4107 1067 4146 ex
1115 4091 1221 4145 hac.
1269 4109 1426 4148 sacra
1462 4112 1650 4151 mensa
1705 4098 1831 4152 fons
1880 4100 2028 4162 salit,

448 4181 717 4249 spiritalia
764 4181 992 4237 [Iuntina
1042 4188 1319 4241 emittens.
1360 4189 1521 4245 Circa
1575 4190 1828 4246 divinum
1881 4192 2030 4247 hunc

447 4272 656 4335 fontem
687 4273 829 4327 haud
854 4274 1053 4329 salices
1082 4277 1440 4334 infructuosa:
1472 4281 1728 4349 plantam:
1753 4293 1906 4349 sunt,
1931 4283 2027 4338 sed

445 4365 676 4425 arbores
705 4365 772 4419 ad
805 4380 978 4435 usque
1004 4369 1204 4422 cwlum
1233 4386 1355 4426 sese
1378 4373 1719 4437 attollentes,
1748 4378 2031 4444 tempesti-

443 4472 576 4511 vum
610 4457 858 4513 fructum
885 4461 1162 4517 habentes
1190 4479 1409 4534 semper
1441 4474 1500 4520 et
1530 4467 2027 4537 incorruptibilem.

2123 1995 2354 2047 εἰσιέναι
2381 2011 2394 2026 ·
2428 1995 2589 2048 τοῦτο
2634 1997 2698 2047 τὸ
2723 1991 2864 2063 αἷμα
2895 1997 2953 2048 ὲν
2984 1998 3096 2057 τοῖς
3133 1993 3326 2057 τύποις
3353 1995 3535 2063 ίερέας
3567 1996 3711 2062 ἔχει·

2110 2087 2373 2156 ,9016VSL'
2399 2087 2560 2141 τοῦτο
2596 2088 2875 2158 ἒκάθηρεν
2915 2089 3195 2158 ἁμαρτίας
3237 2089 3295 2139 ὲν
3341 2091 3452 2150 τοῖς
3497 2087 3706 2150 τύποις.

2127 2180 2192 2234 El
2216 2179 2274 2232 δὲ
2305 2179 2363 2231 ἐν
2400 2181 2512 2241 τοῖς
2539 2178 2731 2241 τύποις
2762 2177 3035 2247 τοσαύτην
3065 2178 3224 2246 ἔσχεν
3271 2179 3427 2246 ίσχὺν
3455 2176 3510 2230 ἐν
3539 2194 3596 2229 τε
3627 2177 3708 2246 τῷ

2126 2271 2242 2341 ναῷ
2299 2271 2410 2324 τῶν
2448 2271 2743 2342 Ἐϐραίων,
2774 2270 2831 2324 ἐν
2893 2288 2952 2324 τε
3000 2270 3261 2336 Αἰγύπτῳ
3313 2270 3457 2341 μέσῃ
3505 2269 3594 2323 ὅτε
3649 2272 3708 2322 αι

2127 2363 2282 2433 φλιαὶ
2320 2363 2591 2432 ἐχρίοντο,
2629 2363 2811 2433 πολλῷ
2844 2361 3050 2431 μᾶλλον
3083 2363 3173 2415 ὅτε
3195 2357 3404 2432 ἦλθενή
3452 2361 3698 2428 ἀλήθεια,

2125 2455 2227 2524 τῆς
2281 2455 2441 2518 σκιᾶς
2500 2453 3000 2524 παραδραμούσης.
3050 2452 3114 2505 Ei
3164 2452 3266 2520 τὴν
3301 2455 3458 2506 σκιὰν
3487 2451 3710 2513 οὔτωςὸ

2129 2547 2359 2609 θάνατος
2402 2545 2617 2615 ἔφριξε,
2650 2545 2749 2614 τὴν
2784 2545 3050 2615 ἀλήθειαν
3087 2545 3279 2614 αὐτὴν,
3305 2545 3429 2596 είπέ
3459 2560 3564 2613 μοι,
3595 2541 3710 2603 πῶς

2127 2640 2231 2692 οὐκ
2276 2639 2344 2692 ἂν
2391 2637 2674 2707 ἑφοὸήθης
2712 2635 2886 2690 Τοῦτο
2916 2639 2948 2708 ἡ
2982 2638 3227 2706 σωτηρία
3273 2637 3380 2690 τῶν
3427 2634 3710 2706 ἡμετέρων

2127 2727 2318 2798 ψυχῶν
2338 2743 2353 2758 ·
2382 2727 2558 2798 τούτῳ
2588 2729 2778 2798 ἥδεται
2802 2729 2836 2796 ἡ
2868 2727 3013 2798 ψυχή
3033 2745 3045 2759 ο
3071 2727 3246 2797 τούτῳ
3272 2725 3706 2789 καλλωπίζεται.

2125 2821 2306 2890 τούτῳ
2350 2819 2655 2890 πυροῦται·
2693 2817 2855 2872 τοῦτο
2888 2820 3061 2889 πυρὸς
3111 2819 3490 2889 λαμπρότερον
3545 2817 3711 2888 ἐργά-

2129 2911 2282 2975 ζεται
2305 2913 2397 2964 τὸν
2421 2913 2546 2964 νοῦν
2574 2911 2669 2964 τὸν
2695 2911 2975 2982 ἡμέτερον
2999 2925 3016 2943 ⁸
3045 2911 3206 2964 τοῦτο
3246 2910 3473 2980 χρυσίου
3497 2908 3711 2978 φαιδρο-

2127 3004 2295 3074 τέραν
2342 3003 2439 3074 τὴν
2490 3002 2674 3074 ψυχὴν
2728 3007 2906 3056 ποιεῖ’
2941 3002 3102 3055 τοῦτο
3131 3001 3193 3054 τδ
3227 2997 3369 3072 αἷμα
3398 3002 3496 3071 τὴν
3525 3001 3708 3054 εἰκόνα

2129 3097 2262 3165 ἡμῖν
2291 3096 2538 3166 ἀνθηρὰν
2567 3094 2866 3165 ἐργάζεται
2905 3093 3003 3165 τὴν
3039 3093 3326 3166 βασιλικήν
3349 3111 3365 3126 ο
3395 3093 3554 3146 τοῦτο
3579 3092 3711 3147 κάλ-

2130 3183 2222 3246 λος
2275 3185 2598 3254 ἀμήχανονο
2649 3183 2812 3237 τοῦτο
2860 3184 3328 3254 ἀπομαρανθῆναι
3381 3183 3480 3252 τῆς
3531 3182 3711 3252 ψυχῆς

2131 3277 2232 3342 τὴν
2251 3275 2535 3343 εὐγένειαν
2559 3276 2659 3329 οὐκ
2685 3276 2936 3343 ἀφίησιν,
2962 3275 3125 3344 ἄρδον
3161 3275 3333 3345 αὐτὴν
3356 3274 3592 3344 συνεχῶς
3616 3275 3711 3327 καὶ

2131 3369 2368 3437 τρέφον·
2394 3369 2455 3421 τὸ
2487 3367 2586 3435 μὲν
2620 3367 2728 3436 γὰρ
2775 3367 2884 3419 ἀπὸ
2914 3367 3022 3419 τῶν
3071 3367 3259 3420 σιτίων
3295 3369 3426 3437 ἡμῖν
3459 3362 3599 3436 αἷμα
3625 3383 3710 3435 γι-

2131 3461 2380 3531 νόμενον,
2404 3461 2506 3513 οὐκ
2555 3459 2761 3522 εὐθέως
2805 3459 2965 3513 τοῦτο
2994 3458 3231 3527 γίνεται,
3267 3460 3382 3514 ἀλλ’
3408 3460 3594 3530 ἔτερόν
3617 3475 3670 3512 τι
3691 3476 3708 3494 ο

2130 3553 2290 3607 τοῦτο
2315 3554 2373 3605 δὲ
2403 3553 2503 3623 οὐχ
2533 3552 2729 3616 οὕτως,
2769 3552 2886 3606 ἀλλ’
2925 3553 3131 3616 εὐθέως
3187 3557 3286 3622 τὴν
3329 3553 3508 3624 ψυχὴν
3537 3553 3708 3623 ἄρδει,

2132 3647 2228 3700 καὶ
2254 3646 2500 3714 μεγάλην
2531 3645 2656 3698 τινὰ
2707 3643 2940 3714 δύναμιν
2989 3647 3231 3713 ἐμποιεῖ.
3265 3645 3438 3700 Τοῦτο
3479 3646 3706 3716 ἐξεχύθη

2131 3739 2193 3792 τὸ
2229 3735 2392 3806 αἷμα,
2417 3740 2511 3790 καὶ
2539 3738 2631 3790 τὸν
2659 3738 2893 3807 οὐρανὸν
2917 3740 3144 3806 εποίησε
3179 3739 3362 3809 βατόν.
3395 3740 3604 3806 Φρικτὰ
3626 3739 3712 3792 δν-

2131 3847 2240 3892 τως
2272 3831 2341 3884 τὰ
2371 3831 2650 3900 μυστήρια
2689 3829 2792 3898 τῆς
2828 3829 3158 3899 Ἐκκλησίας
3190 3831 3454 3902 Χριστοῦο
3487 3833 3712 3903 φρικτὸν

2131 3924 2302 3985 ὅντως
2335 3924 2396 3976 τὸ
2427 3923 2838 3994 θυσιαστήριον.

2208 4019 2299 4080 ιγ’.
2360 4013 2673 4066 Ἀνέὅαινεν
2725 4015 2792 4066 ὲκ
2839 4012 2935 4065 τοῦ
2983 4015 3314 4084 παραδείσου
3357 4016 3509 4086 πηγὴ
3543 4033 3711 4071 ποτα-

2137 4105 2271 4174 μοὺς
2297 4105 2594 4174 αἰσθητοὺς
2618 4105 2844 4172 ἀφιεῖσα
2868 4119 2881 4134 '
2907 4105 3017 4158 ἀπὸ
3055 4107 3153 4175 τῆς
3178 4107 3330 4177 ίερᾶς
3360 4106 3561 4175 ταύτης
3585 4124 3713 4175 τρα-

2135 4196 2306 4264 πέζης
2329 4197 2503 4251 ἄνεισι
2536 4197 2689 4264 πηγὴ
2726 4196 3007 4262 ποταμοὺς
3034 4197 3263 4265 ἀφιεῖσα
3287 4197 3710 4268 πνευματικούς·

2135 4291 2285 4359 παρὰ
2318 4288 2524 4358 ταύτην
2574 4287 2672 4358 τὴν
2707 4288 2862 4341 θείαν
2897 4290 3082 4358 πηγὴν
3127 4291 3529 4360 πεφυτευμέναι
3573 4293 3712 4344 είσὶν

2132 4385 2233 4434 οὐκ
2253 4381 2398 4434 ἰτέαι
2421 4381 2684 4449 ἄκαρποι,
2709 4380 2850 4435 ἀλλὰ
2871 4381 3067 4450 δένδρα
3095 4383 3228 4452 πρὸς
3255 4384 3419 4438 αὐτὸν
3443 4384 3711 4453 φθάνοντα

2134 4471 2228 4522 τὸν
2262 4470 2512 4539 οὐρανὸν,
2541 4471 2754 4541 καρπὸν
2784 4471 2984 4542 ἔχοντα
3035 4471 3246 4541 ὦριμον
3297 4475 3386 4528 ἀεὶ
3434 4475 3529 4528 καὶ
3570 4475 3712 4544 ἀμά-

447 4552 503 4606 Si
539 4555 665 4622 quis
699 4565 916 4620 aestuat,
953 4559 1020 4612 ad
1054 4559 1202 4613 hunc
1231 4560 1437 4616 fontem
1466 4564 1671 4628 veniat,
1705 4572 1763 4622 et
1785 4565 2023 4618 calorem

2134 4577 2349 4632 ραντον.
2385 4560 2451 4612 El
2484 4578 2570 4624 τις
2615 4559 2939 4626 καυσοῦται,
2976 4565 3129 4630 παρὰ
3163 4562 3366 4633 ταύτην
3400 4566 3582 4634 ἡκέτω
3611 4565 3710 4634 τὴν

447 4642 737 4712 refrigeret
783 4667 794 4701 :
853 4647 999 4701 levat
1039 4650 1186 4704 enim
1247 4651 1624 4716 aestuationes,
1681 4662 1737 4707 et
1794 4654 2024 4707 ardores

441 4754 633 4794 omnes
674 4748 966 4808 temperat,
1020 4761 1130 4798 non
1182 4759 1279 4798 eos
1327 4745 1492 4813 quia
1531 4745 1669 4810 sole,
1703 4745 1797 4799 sed
1845 4748 1939 4814 qui
1993 4764 2022 4804 a

442 4833 646 4890 diaboli
685 4835 810 4889 telis
864 4836 1039 4906 igneis
1079 4854 1095 4892 :
1153 4851 1394 4904 namque
1428 4836 1698 4906 originem
1731 4838 2021 4894 desursum

441 4927 631 4992 habet,
664 4938 722 4982 et
771 4928 898 4982 inde
937 4929 1202 4992 radicem,
1236 4927 1382 4984 unde
1429 4939 1486 4982 et
1519 4930 1801 4999 irrigatur.
1840 4930 2024 4986 Multi-

445 5037 554 5090 que
583 5031 714 5076 sunt
745 5021 912 5090 hujus
942 5020 1114 5074 fontis
1143 5020 1331 5082 rivuli,
1359 5036 1497 5088 quos
1531 5023 1737 5077 emittit
1767 5021 2022 5078 Paracle-

447 5125 575 5172 tus:
609 5126 664 5169 et
689 5114 962 5169 mediator
995 5112 1170 5166 Filius
1201 5123 1307 5174 est,
1363 5113 1507 5169 haud
1552 5117 1790 5185 ligonem
1829 5128 2023 5174 tenens

445 5209 701 5277 triamque
731 5210 1012 5266 tnuniens.
1033 5205 1129 5258 sed
1151 5206 1411 5260 affectum
1445 5219 1693 5263 nostrum
1723 5212 2017 5265 suscitans.

448 5300 548 5354 ilic
587 5311 670 5353 est
704 5297 1169 5353 honoratissimus
1210 5299 1357 5359 fons,
1392 5300 1553 5360 lucis.
1597 5302 1845 5370 inqumn,
1877 5303 2022 5364 fons.

447 5392 696 5447 veritatis
747 5391 931 5445 radios
961 5391 1259 5459 ejaculans.
1303 5391 1689 5447 Venerabilem
1729 5397 1874 5448 hunc
1906 5396 2026 5448 fon-

451 5492 556 5537 tem
590 5499 852 5553 superna:
886 5499 1106 5552 quoque
1143 5485 1379 5539 virtutes
1422 5486 1864 5545 circumsistunt,
1897 5488 2021 5556 pul-

447 5577 815 5631 chritudinem
872 5576 1207 5633 ﬁlictitorum
1263 5579 1384 5647 ejus
1441 5579 1730 5632 mirantes.
1786 5578 1906 5632 Non
1967 5588 2023 5634 et

455 5667 657 5724 clarius
741 5686 906 5741 quam
980 5687 1084 5728 nos
1152 5672 1340 5726 vident
1403 5672 1528 5743 ,illee
1611 5671 2023 5742 prepositorum

2127 4654 2334 4724 πηγὴν,
2363 4654 2454 4706 καὶ
2487 4653 2852 4724 καταψυχὲτω
2892 4656 2984 4707 τὸν
3017 4661 3258 4711 καύσονα
3280 4675 3291 4686 ·
3333 4660 3424 4710 καὶ
3445 4659 3551 4728 γὰρ
3575 4661 3708 4727 uix-

2131 4749 2265 4818 μους
2303 4745 2444 4807 λύει,
2471 4746 2566 4799 καὶ
2612 4748 2680 4799 τὰ
2709 4747 2908 4817 διακαῆ
2961 4749 3144 4806 πάντα
3178 4750 3606 4820 παραμυθεῖται.
3643 4751 3706 4804 ού

2125 4841 2196 4896 τὰ
2226 4842 2284 4905 ἐξ
2316 4839 2492 4909 ἡλίου,
2522 4840 2658 4892 ἀλλὰ
2694 4841 2760 4894 τὰ
2793 4842 2900 4894 ἀπὸ
2953 4842 3059 4894 τῶν
3111 4842 3202 4894 τοῦ
3253 4844 3501 4896 διαϐόλου
3537 4844 3707 4914 βελῶν

2127 4934 2236 4985 τῶν
2267 4935 2690 5002 πεπυρωμένων
2715 4952 2727 4965 ’
2755 4935 2850 4987 atati,
2875 4935 2982 5004 γὰρ
3009 4937 3109 5004 τὴν
3136 4936 3311 5007 ἀρχὴν
3339 4938 3545 4992 ἄνωθεν
3566 4939 3702 5006 ἔχει,

2127 5028 2221 5079 καὶ
2245 5027 2343 5096 τὴν
2367 5028 2524 5096 ῥίζαν
2553 5028 2782 5091 ἐκεῖθεν,
2814 5029 2935 5080 ὅθεν
2966 5031 3059 5081 καὶ
3083 5030 3327 5097 ἄρδεται.
3369 5032 3556 5084 Πολλοὶ
3579 5032 3704 5085 ταύ-

2123 5135 2224 5187 της
2265 5122 2363 5187 τῆς
2411 5118 2598 5187 πηγῆς
2630 5121 2679 5171 οί
2715 5119 2940 5188 ρύακες,
2973 5121 3066 5184 οὓς
3094 5123 3322 5189 ἀφίησιν
3354 5126 3382 5175 ὁ
3418 5125 3703 5194 ﬂagitan-

2123 5223 2248 5272 τος³
2285 5209 2383 5261 καὶ
2421 5212 2648 5280 μεσίτης
2679 5212 2708 5262 ὁ
2741 5210 2866 5272 Υἱὸς
2903 5211 3140 5278 γίνεται,
3169 5214 3230 5265 ού
3279 5213 3530 5266 δίκελλαν
3565 5216 3703 5282 ἔχων

2127 5302 2412 5361 ὁδοποιῶν,
2445 5301 2584 5354 ἀλλὰ
2606 5300 2705 5370 τὴν
2738 5301 2980 5354 διάθεσιν
3003 5303 3237 5370 ἀνοίγων
3266 5303 3366 5373 τὴν
3391 5304 3521 5373 παρ’
3545 5305 3698 5373 ἡμῖν.

2128 5394 2278 5462 Αὕτη
2313 5395 2346 5463 ἡ
2375 5394 2647 5461 πάντιμος
2691 5395 2843 5463 πηγὴ
2879 5393 3057 5460 φωτός
3109 5397 3224 5446 ἐστι
3269 5394 3442 5466 πηγὴ,
3467 5396 3699 5448 divam-J-

2129 5485 2296 5548 ζουσα
2328 5487 2426 5555 τῆς
2475 5485 2735 5553 ἀληθείας
2771 5486 3020 5547 ἀκτῖνας.
3074 5486 3259 5559 Ταύτῃ
3309 5492 3375 5558 τῇ
3425 5488 3724 5559 σεϐασμίςι-

2129 5582 2281 5649 πηγῇ
2335 5580 2430 5632 καὶ
2477 5580 2534 5630 αί
2583 5580 2696 5633 ἄνω
2735 5579 3124 5647 παρεστήκασι
3157 5579 3435 5650 δυνάμεις,
3476 5582 3610 5650 πρὸς
3640 5579 3703 5632 τὸ

2132 5671 2332 5734 κάλλος
2361 5671 2629 5741 ὲνορῶσαι
2659 5671 2767 5724 τῶν
2797 5667 3040 5740 ,ῥείθρων
3061 5686 3074 5701 ο
3099 5672 3288 5743 insuit)
3317 5674 3411 5728 καὶ
3441 5675 3705 5743 castos:-

525 5851 821 5923 (i)Confer
855 5853 1336 5928 Chrysostomum,
1362 5861 1404 5910 ι.
1424 5851 2039 5921 Vll,'bomii.LXY}'li.
2080 5854 2132 5918 *l,
2164 5852 2220 5909 ia
2247 5851 2443 5912 Matth.
