4074 6478
331 394 434 461 961

1631 382 1975 456 ETHICDN
2020 389 2189 453 VIII.

3505 396 3614 465 962

327 527 426 584 ρον
464 514 624 585 ἡμῶν
669 515 878 570 ἐκεῖναι
927 514 1038 569 τῶν
1094 507 1480 584 προκειμένων
1511 504 1784 579 θεωροῦσι
1814 503 1918 576 τὴν

2026 516 2329 557 munerum
2383 501 2495 556 vim
2554 516 2865 575 eorumque
2911 507 3243 577 splendores
3274 509 3612 568 inaccessos.

326 605 582 677 δύναμιν,
640 607 738 662 καὶ
787 608 888 669 τὰς
944 604 1327 678 μαρμαρυγὰς
1377 601 1481 663 τὰς
1531 598 1913 675 ἀπροσίτουςκο

328 697 376 752 ὦ
409 716 517 768 περ
554 700 664 768 γὰρ
686 697 893 771 χρυσοῦ
929 696 1260 769 τηκομένου,
1285 694 1352 749 ἄν
1383 709 1447 748 τε
1484 691 1584 760 τὴν
1630 689 1794 761 χεῖρά
1833 705 1919 754 τις

282 770 293 783 “
327 789 586 862 ἐμϐάλοι,
612 789 681 844 ἂν
712 770 773 844 τε
804 788 906 861 τὴν
930 790 1203 859 γλῶτταν,
1235 788 1453 857 χρυσῆν
1488 781 1697 845 εὐθέως
1745 780 1920 850 αὐτὴν

327 882 592 952 εποίησεν
612 900 626 914 ·
653 883 799 937 οὕτω
830 883 896 954 δὴ
943 886 1040 937 καὶ
1070 880 1309 935 ἐνταῦθα
1340 877 1443 949 τὴν
1475 876 1656 947 ψυχὴν
1691 871 1921 944 ἐργάζε-

326 992 418 1028 ται
443 974 513 1028 τὰ
545 973 883 1044 προκείμενα
903 989 917 1002 ’
941 972 1135 1038 ἀναζεῖ
1170 972 1272 1044 μὲν
1320 970 1431 1041 γὰρ
1463 969 1641 1040 πυρὸς
1692 967 1925 1038 σφοδρό-

327 1081 487 1134 τερον
515 1066 544 1118 6
571 1065 834 1133 πανάγιος
865 1057 1021 1128 οὗτος
1049 1063 1321 1133 ποταμὸς.
1352 1060 1472 1116 ἀλλ’
1495 1060 1556 1115 οὐ
1587 1059 1756 1121 καίει,
1782 1058 1922 1114 ἀλλὰ

331 1157 588 1228 βαπτίζει
621 1158 786 1228 μόνον
828 1158 969 1227 ὅπερ
1019 1156 1087 1211 ἂν
1117 1155 1281 1226 λάϐῃ.
1327 1154 1501 1208 Τοῦτο
1527 1152 1590 1206 τὸ
1627 1149 1922 1223 ἱερώτατον

331 1245 472 1320 αἷμα
495 1251 705 1305 ἄνωθεν
736 1248 1119 1321 προετυποῦτο
1166 1250 1256 1303 ἀεὶ
1288 1251 1348 1303 ὲν
1391 1247 1828 1317 θυσιαστηρίοις,
1862 1246 1923 1298 ὲν

329 1342 558 1396 δικαίων
601 1345 881 1411 σφαγαϊς’
928 1340 1092 1395 τοῦτο
1120 1341 1156 1410 ὴ
1207 1338 1345 1411 τιμὴ
1399 1340 1501 1406 τῆς
1550 1337 1918 1409 οἰκουμένης·

331 1432 510 1504 τούτῳ
555 1434 801 1504 ἠγόρασε
852 1430 952 1503 τὴν
1012 1430 1343 1500 Ἐκκλησίαν
1368 1433 1397 1485 6
1432 1429 1669 1502 Χριστός
1698 1445 1714 1462 ο
1741 1431 1922 1499 τούτῳ

333 1522 763 1594 κατεκόσμησεν
796 1524 970 1592 αὑτὴν
999 1522 1220 1577 ἃπασαν
1244 1536 1260 1553 ·
1285 1520 1547 1591 καθάπερ
1570 1519 1681 1591 γὰρ
1706 1519 1922 1589 ἀνθρω-

332 1631 436 1678 πος
465 1615 685 1678 οἰκέτας
709 1612 1044 1681 ὠνούμενος,
1088 1612 1274 1667 δίδωσι
1306 1612 1557 1683 χρυσίον,
1593 1612 1687 1665 καὶ
1716 1610 1927 1665 καλλω-

332 1706 493 1759 πίσαι
522 1705 686 1760 πάλιν
715 1706 848 1760 αὐτο
862 1705 922 1769 ῦς
954 1704 1308 1777 βουλόμενος,
1337 1701 1526 1776 χρυσῷ
1553 1703 1714 1757 τοῦτο
1744 1705 1921 1757 ποιεῖ’

331 1797 480 1851 οῦτω
533 1797 628 1851 καὶ
686 1798 716 1852 6
774 1794 1011 1866 Χριστὸς
1074 1796 1351 1867 ἠγόρασεν
1406 1797 1556 1867 ἡμᾶς
1608 1795 1806 1864 αἵματι
1843 1794 1924 1867 τῷ

330 1889 541 1960 οἰκείῳ,
573 1889 667 1942 καὶ⁵
700 1888 1008 1959 ἐκόσμησεν
1035 1888 1182 1958 ἡμᾶς
1212 1887 1388 1958 τούτῳ
1422 1888 1497 1958 τῷ
1523 1888 1740 1959 αἵματι.

405 1977 489 2033 ιδ’.
515 1980 847 2050 Προσίωμεν
875 1979 1059 2033 τοίνυν
1084 1981 1155 2051 τῇ
1186 1982 1426 2051 μυστικῇ
1467 1979 1642 2053 ταύτῃ
1668 1980 1925 2052 τραπέζῃ

336 2070 479 2140 μετὰ
507 2072 713 2135 παντὸς
741 2071 932 2141 φόϐου,
959 2075 1055 2126 καὶ
1105 2072 1469 2142 συνειδήσεως
1520 2074 1795 2142 καθαρᾶς,
1829 2075 1925 2126 καὶ

332 2165 664 2219 ἁδιστάκτου
702 2165 968 2231 πίστεως,
1024 2166 1121 2220 καὶ
1175 2166 1358 2220 πάντα
1407 2165 1562 2218 ἔσται
1592 2166 1728 2235 ἡμῖν
1783 2164 1925 2218 καθα

335 2258 668 2330 πιστεύομεν
717 2259 794 2329 μὴ
827 2257 1195 2324 διστάζοντες.
1227 2259 1300 2312 T6
1331 2257 1389 2311 δὲ
1421 2259 1746 2329 προσελθεῖν
1782 2258 1925 2328 μετὰ

333 2351 577 2413 πίστεως
606 2349 667 2402 06
719 2350 783 2402 τὸ
829 2349 1020 2404 λαϐεῖν
1073 2351 1194 2404 ἔστι
1232 2351 1398 2422 μόνον
1431 2353 1492 2405 16
1532 2351 1922 2422 προκείμενον,

332 2438 618 2497 ἀλλὰκαὶ
665 2441 728 2497 τδ
777 2442 923 2514 μετὰ
977 2443 1227 2515 καθαρᾶς
1267 2445 1495 2516 καρδίας
1551 2445 1794 2515 ἅψασθαι
1820 2461 1835 2477 θ
1862 2444 1925 2496 16

334 2532 480 2589 οὕτω
509 2532 844 2603 δ.ακείσθαι,
882 2536 958 2602 ὡς
1008 2538 1161 2609 αὐτῷ
1207 2538 1538 2609 προσιόντας
1558 2538 1637 2609 τῷ
1656 2538 1881 2611 Χριστῷ
1907 2552 1921 2567 ⁸

333 2626 388 2679 τί
413 2627 544 2698 γὰρ,
579 2629 627 2680 εί
660 2625 737 2698 μὴ
778 2630 966 2700 φωνῆς
1000 2628 1300 2701 ἀκούομεν,
1333 2630 1717 2700 φθεγγομένου
1758 2628 1923 2684 αὑτοῦ

331 2719 425 2773 διὰ
453 2719 566 2775 τῶν
595 2721 1046 2789 εὐαγγελιστῶν;
1082 2722 1445 2791 Πιστεύωμεν
1473 2717 1569 2776 οὖν
1596 2723 1679 2776 ὅτι
1702 2720 1799 2776 καὶ
1829 2719 1926 2774 νῦν

332 2814 515 2866 ἐκεῖνο
548 2810 612 2866 τὸ
655 2813 875 2867 δεῖπνόν
907 2815 1079 2880 ἐστιν,
1107 2814 1166 2868 ἐν
1196 2807 1242 2883 ᾧ
1273 2816 1371 2868 καὶ
1417 2812 1584 2876 αὐτὸς
1630 2814 1885 2867 ἀνέκειτο
1906 2826 1920 2841 °

331 2903 492 2958 οὶδὲν
520 2905 631 2977 γὰρ
660 2907 840 2960 ἐκεῖνο
867 2905 1058 2960 τούτου
1089 2906 1402 2978 διενήνοχεν
1421 2923 1437 2941 θ
1470 2907 1592 2961 οὐδὲ
1628 2907 1736 2977 γὰρ
1763 2905 1926 2959 τοῦτο

335 2996 438 3064 μὲν
466 2994 759 3067 ἄνθρωπος
783 2997 1105 3068 ἐργάζεται,
1139 3001 1318 3052 ἐκεῖνο
1336 2997 1392 3052 δὲ
1421 2998 1590 3062 αὐτὸς
1614 2999 1641 3053 6
1663 2997 1922 3070 Χριστὸς,

336 3086 476 3141 ἀλλὰ
509 3088 610 3142 καὶ
643 3087 806 3143 τοῦτο
853 3090 1080 3144 κάκεῖνο
1107 3091 1136 3144 6
1169 3090 1355 3154 a616;.
1386 3090 1560 3144 Ὅταν
1603 3090 1784 3144 τοίνυν
1829 3089 1924 3145 τὸν

337 3181 492 3251 ἱερέα
520 3179 826 3236 ἐπιδιδόντα
853 3183 987 3253 ἡμῖν
1014 3185 1241 3252 ῐδωμεν,
1278 3181 1355 3254 μὴ
1383 3182 1478 3236 τὸν
1500 3181 1653 3252 ίερέα
1682 3180 1924 3251 νομίζω-ο
1951 3216 1995 3275 c

339 3289 466 3341 μεν,
515 3275 610 3327 16v
659 3274 824 3330 10610
874 3277 1162 3344 ποιοῦντα,
1186 3275 1324 3331 ἀλλὰ
1358 3276 1459 3347 τὴν
1494 3274 1735 3349 Χριστοῦ
1764 3278 1924 3347 χεῖρα

334 3365 438 3435 τὴν
464 3366 857 3439 ἐκτεινομένην
879 3383 894 3399 ο
923 3366 1119 3440 ὥσπερ
1149 3368 1260 3440 γὰρ
1289 3368 1422 3424 ὅταν
1451 3367 1789 3439 βαπτίζηταί
1816 3384 1924 3431 τις.

335 3458 437 3528 οὐχ
463 3458 491 3511 6
524 3460 706 3529 ἱερεὺς
741 3459 860 3513 ἀλλ’
893 3460 921 3512 6
956 3461 1092 3525 Θιός
1149 3460 1299 3514 ἔστιν
1348 3462 1377 3516 6
1425 3461 1679 3531 κατέχων
1726 3459 1923 3513 τούτου

335 3550 435 3620 τὴν
466 3547 714 3622 κεφαλὴν
746 3552 967 3623 ἀοράτῳ
994 3551 1249 3621 δυνάμει,
1277 3552 1375 3605 καὶ
1397 3551 1522 3605 οὔτε
1543 3551 1774 3620 ἄγγελος
1799 3551 1925 3605 οὔτε

334 3639 682 3711 ἀρχάγγελος
717 3642 843 3696 οὔτε
898 3642 1059 3706 ἄλλος
1104 3660 1191 3707 τις
1224 3643 1405 3714 τολμᾷ
1455 3642 1784 3711 προσελθεῖν
1834 3643 1924 3695 καὶ

334 3730 581 3803 ἅψασθαι
610 3751 625 3767 ·
653 3734 797 3789 οὕτω
821 3735 919 3789 καὶ
951 3735 1048 3789 νῦν
1068 3734 1301 3804 γίνεται.
1331 3735 1444 3789 Καὶ
1460 3734 1621 3804 δῆλον
1646 3732 1922 3787 ἐντεῦθενο

332 3822 410 3887 ὡς
440 3824 551 3896 γὰρ
584 3826 645 3879 ὲν
693 3825 772 3896 τῷ
826 3825 1174 3898 βαπτίσματι
1216 3826 1280 3880 06
1315 3826 1471 3895 λέγει
1497 3829 1525 3881 6
1563 3828 1766 3897 ἱερεὺς,
1814 3826 1922 3879 Βα-

331 3914 512 3980 πτίξω
540 3916 631 3971 τὸν
653 3917 824 3985 δεῖνα,
859 3919 996 3973 ἀλλὰ
1030 3918 1365 3985 Βαπτίζεται
1394 3919 1496 3991 (1),
1528 3919 1747 3984 πάντως
1774 3917 1926 3990 παρὰ

331 4009 437 4078 τῆς
488 4009 803 4082 ἀδιαιρέτου
865 4015 964 4065 καὶ
1010 4012 1308 4083 ὁμοουσίου
1338 4011 1574 4075 Τριάδος
1602 4027 1618 4041 ·
1643 4010 1734 4065 τὸν
1761 4010 1925 4065 αὐτὸν

330 4101 392 4156 δὲ
418 4103 619 4174 τρόπον
651 4104 936 4159 κάνταῦθα
969 4106 1032 4159 οὐ
1083 4094 1259 4176 λέγει,
1287 4104 1414 4160 Θύω
1459 4105 1572 4175 ἐγὼ
1622 4104 1717 4158 τὸν
1751 4104 1926 4176 ἀμνὸν

331 4192 432 4246 τοῦ
461 4194 622 4261 Θεοῦ,
662 4194 1030 4252 ἀλλὰΘύεται
1061 4199 1281 4270 ὁὰμνὸς
1316 4198 1413 4254 τοῦ
1448 4198 1608 4264 Θεοῦ,
1650 4200 1812 4265 αὐτὸς
1834 4199 1926 4254 οῦ-

331 4303 427 4350 τος
452 4285 655 4359 δηλαδὴ
710 4289 908 4345 ἑαυτὸν
956 4291 1272 4362 ίερουργῶν
1303 4292 1526 4365 εὐδοκία
1563 4292 1801 4363 Πατρδς,
1828 4290 1926 4345 καὶ

335 4376 606 4449 συνεργίᾳ
656 4376 751 4432 τοῦ
789 4377 955 4448 ἁγίου
1011 4380 1374 4453 Πνεύματος’
1425 4382 1522 4436 καὶ
1556 4380 1726 4451 θύτης
1774 4377 1852 4433 ὢν
1901 4382 1927 4433 6

332 4468 520 4534 αὐτὸς,
546 4470 644 4523 καὶ
674 4469 848 4542 θῦμα,
887 4473 983 4528 καὶ
1014 4472 1478 4545 προσδεχόμενος,
1503 4472 1598 4528 καὶ
1623 4472 1928 4542 διαδιδόμε-

331 4580 447 4627 νος.

409 4657 492 4713 ιε’.
517 4660 616 4713 Διὰ
645 4658 804 4712 τοῦτο
837 4658 912 4724 ὡς
946 4658 1023 4730 τῷ
1052 4657 1278 4733 Χριστῷ
1305 4659 1386 4731 τῷ
1434 4658 1574 4731 ἱερεῖ
1622 4657 1928 4730 προσερχό-

335 4769 516 4824 μενοι,
544 4753 876 4822 τιμήσωμεν
907 4755 1061 4824 πάσῃ
1091 4751 1434 4819 καθαρότητι
1478 4750 1577 4805 τοῦ
1625 4750 1834 4821 Κυρίου
1864 4749 1928 4802 τὸ

334 4844 522 4915 σῶμα,
553 4843 764 4914 ψυχικῇ
792 4862 855 4897 τε
885 4845 982 4898 καὶ
1012 4846 1304 4914 σωματικὴ
1330 4859 1343 4873 ·
1368 4843 1596 4897 διπλοῦν
1630 4843 1740 4914 γάρ
1773 4845 1892 4896 ἐστι
1912 4858 1928 4874 ⁸

332 4936 735 5008 προσέλθωμεν
764 4937 914 5008 αὐτῷ
950 4937 1103 5010 πόθῳ
1152 4936 1391 5000 διακαεϊ,
1422 4935 1518 4989 καὶ
1564 4935 1931 5007 σταυροειδῶς

329 5029 435 5090 τὰς
466 5028 728 5099 παλάμας
760 5028 1217 5092 τυπώσαντες,τὸ
1246 5027 1410 5096 σῶμα
1431 5025 1526 5079 τοῦ
1569 5025 1932 5096 ἐσταυρωμέ-

333 5138 432 5176 νου
487 5119 915 5191 ὒποδεξώμεθα²
969 5121 1065 5173 καὶ
1117 5119 1404 5181 ἐπιθέντες
1458 5116 1774 5187 ὀφθαλμοὺς
1830 5115 1928 5168 καὶ

334 5213 495 5284 χείλη
544 5212 643 5267 καὶ
680 5213 931 5283 μέτωπα,
960 5212 1052 5264 τοῦ
1082 5210 1234 5263 θείου
1281 5208 1558 5279 ἄνθρακος
1608 5206 1927 5278 μεταλάϐω-

340 5319 467 5375 μεν,
486 5303 635 5365 ὅπως
683 5301 999 5372 καταφλέξῃ
1027 5302 1124 5364 τὰς
1158 5299 1437 5371 ἁμαρτίας
1483 5298 1665 5370 ἡμῶν,
1691 5298 1783 5350 καὶ
1816 5315 1928 5368 φω-

337 5392 467 5467 τίσῃ
499 5394 598 5458 τὰς
627 5395 857 5465 καρδίας
891 5395 1075 5465 ἡμῶν,
1110 5396 1209 5448 καὶ
1236 5395 1304 5464 τῇ
1353 5391 1620 5462 μετουσίᾳ
1650 5390 1744 5444 106
1780 5389 1925 5444 θείου

339 5488 515 5557 πυρὸς
560 5487 910 5558 πυρωθῶρεν
931 5502 944 5516 ⁸
975 5487 1026 5539 οἱ
1058 5485 1169 5557 γὰρ
1212 5485 1404 5539 τούτου
1440 5484 1761 5556 μετέχοντες
1789 5482 1928 5553 μετὰ

337 5579 589 5648 ἀγγέλων
635 5581 728 5633 καὶ
780 5579 1147 5649 ἀρχα-[γέλων
1178 5579 1274 5631 καὶ⁸
1314 5578 1424 5631 τῶν
1471 5578 1587 5631 ἄνω
1637 5575 1928 5643 δυνάμεων

338 5672 663 5743 ἑστήκασιν,
711 5672 883 5743 αὐτὴν
942 5673 1329 5743 περικείμενοι
1384 5669 1481 5724 τοῦ
1538 5664 1777 5739 Χριστοῦ
1829 5668 1929 5736 τὴν

376 5793 493 5861 .(l)
535 5791 659 5849 llaec
704 5804 793 5851 est
846 5794 1112 5850 nimirum
1147 5790 1465 5864 baptizandi
1537 5786 1775 5844 formula
1813 5785 1958 5857 apud
2033 5786 2253 5845 Graecos
2300 5806 2315 5841 :

343 5863 575 5931 baptizo.

2024 596 2182 652 Sicut
2243 597 2395 650 enim
2450 611 2588 652 auro
2635 597 2939 669 liquefacto
3003 603 3048 656 si
3079 603 3205 671 quis
3236 620 3458 662 manum
3513 615 3610 663 aut

2019 686 2263 757 linguam
2315 688 2554 758 inliciat,
2602 703 2829 749 auream
2877 692 3029 750 illico
3058 694 3228 760 facit;
3259 695 3334 751 ita
3389 712 3618 766 prorsus

2024 780 2115 836 hic
2171 780 2340 836 etiam
2391 785 2678 853 proposita
2723 785 2987 856 mysteria
3045 787 3288 843 animam
3344 788 3615 846 cilicium.

2023 873 2224 929 Fervet
2264 875 2413 929 enim
2448 875 2575 943 igne
2607 875 2994 933 vehementius
3043 879 3464 937 sanctissimum
3506 881 3615 936 llu-

2022 981 2148 1020 mcn
2188 966 2326 1033 hoc;
2373 977 2431 1022 at
2468 983 2578 1021 non
2612 970 2821 1032 exurit,
2872 971 2969 1025 sed
3027 971 3176 1027 lavat
3229 976 3619 1030 tantummodo

2022 1059 2294 1131 quidquid
2347 1061 2709 1131 corripuerit.
2766 1062 2868 1119 llic
2913 1067 3336 1124 sacratissimus
3390 1071 3619 1140 sanguis

2024 1152 2338 1222 antiquitus
2373 1168 2596 1223 semper
2640 1156 3104 1226 praztigurabatur
3132 1159 3187 1214 in
3228 1160 3521 1223 altaribus,
3558 1162 3615 1216 in

2020 1243 2299 1314 iustorum
2361 1245 2631 1300 candidus.
2685 1245 2787 1302 llic
2842 1249 3069 1317 sanguis
3123 1255 3365 1320 pretium
3420 1253 3615 1309 mundi

2024 1348 2145 1404 est;
2177 1336 2284 1394 hoc
2308 1338 2614 1395 Ecclesiam
2639 1339 2895 1397 Christus
2921 1346 3265 1413 comparavit
3288 1363 3305 1412 ;
3330 1345 3436 1400 hoc
3466 1345 3618 1403 illam

2026 1439 2195 1487 totam
2247 1434 2553 1487 exornavit.
2589 1432 2747 1488 Sicut
2778 1433 2929 1489 enim
2984 1436 3152 1491 homo
3176 1452 3372 1495 servos
3401 1454 3619 1503 emeris,

2025 1539 2222 1579 aurum
2281 1535 2507 1595 erogat;
2566 1541 2876 1597 rursusque
2915 1543 3015 1583 eos
3071 1544 3349 1584 exornare
3402 1530 3619 1595 volens,

2025 1633 2163 1672 auro
2202 1617 2256 1672 id
2320 1626 2515 1685 curat;
2575 1619 2657 1674 sic
2718 1632 2776 1674 et
2834 1620 3094 1676 Christus
3154 1620 3292 1677 emit
3344 1635 3446 1677 nos
3488 1637 3619 1677 san»

2023 1711 2193 1778 guine
2226 1710 2473 1779 proprio,
2505 1711 2816 1782 eodemque
2855 1711 2964 1771 hoc
3011 1713 3284 1785 sanguine
3313 1727 3418 1769 nos
3448 1726 3622 1769 venu-

2027 1801 2220 1856 stavit.

2104 1982 2195 2037 14.
2238 1981 2321 2036 Ad
2363 1980 2508 2036 hanc
2547 1981 2736 2053 itaque
2775 1983 3067 2053 mysticam
3102 1996 3353 2038 mensam
3388 1981 3622 2038 acceda-

2026 2090 2155 2129 mus
2215 2090 2343 2129 cum
2387 2075 2540 2130 omni
2597 2076 2817 2140 timore,
2861 2085 2916 2129 et
2965 2075 3312 2130 conscientia
3362 2090 3522 2144 pura.
3560 2081 3619 2127 ct

2026 2167 2259 2222 indubia
2293 2167 2419 2231 ﬁde,
2459 2179 2625 2235 atque
2656 2169 2842 2222 omnia
2882 2167 3044 2222 nobis
3086 2176 3255 2222 erunt
3305 2178 3469 2236 prout
3495 2166 3618 2220 sine

2026 2256 2390 2327 ambiguitate
2443 2257 2753 2311 credimus.
2793 2256 2931 2311 Cum
2966 2267 3150 2311 autc-tn
3184 2256 3309 2311 dico
3341 2256 3617 2310 acceden-

2028 2348 2159 2402 dum
2191 2363 2317 2402 cum
2353 2347 2483 2412 (ide,
2515 2363 2625 2402 non
2677 2346 3003 2417 accipienda
3058 2347 3444 2401 tantummodo
3496 2362 3619 2402 esse

2028 2455 2259 2494 munera
2291 2439 2552 2504 dico,sed
2574 2439 2773 2495 eadem
2806 2454 2943 2510 puro
2968 2455 3094 2496 cum
3125 2439 3292 2494 col-de
3313 2440 3616 2510 tangenda:

2026 2544 2260 2598 prorsus
2297 2528 2447 2583 haud
2479 2544 2644 2584 secus
2676 2529 2908 2584 aﬂ‘ectos
2945 2544 3048 2585 nos
3086 2544 3210 2584 csse
3264 2530 3415 2592 volo,
3450 2543 3619 2599 quam

2018 2621 2073 2676 ‘si
2109 2621 2177 2676 ad
2206 2620 2488 2677 Christum
2524 2621 2707 2691 ipsum
2730 2623 3072 2677 veniremus.
3092 2620 3233 2689 Quid
3266 2622 3414 2676 enim
3445 2621 3621 2677 inter-

2024 2722 2131 2780 est,
2178 2713 2326 2784 quod
2378 2727 2570 2769 vocem
2620 2714 2741 2786 ejus
2786 2713 3021 2769 minime
3067 2713 3404 2779 audiamus,
3445 2713 3621 2784 siqui-

2028 2804 2155 2860 dem
2196 2820 2299 2876 per
2347 2806 2721 2877 evangelistas
2773 2804 3066 2875 loquitur?
3104 2805 3413 2861 Credamus
3449 2805 3621 2876 igitur

2028 2911 2180 2951 nunc
2225 2912 2450 2967 quoque
2482 2897 2619 2953 illud
2655 2897 2800 2952 idem
2836 2911 2963 2952 esse
2997 2896 3339 2965 convivium,
3367 2897 3434 2953 ad
3470 2899 3622 2967 quod

2026 2988 2148 3059 ipse
2194 2989 2609 3047 accumbebat:
2651 2991 2793 3046 nihil
2830 2990 2982 3046 enim
3030 2989 3368 3049 hodiernum
3420 2991 3490 3046 ab
3522 2989 3622 3046 illo

2029 3078 2215 3136 diﬁert
2251 3099 2267 3136 :
2304 3097 2488 3150 neque
2543 3080 2653 3137 hoc
2700 3093 2956 3137 nostrum
2988 3080 3158 3137 homo
3190 3081 3442 3149 instruit,
3482 3080 3619 3138 illud

2027 3188 2161 3228 vero
2189 3172 2465 3236 Christus.
2506 3175 2608 3231 sed
2645 3174 2840 3231 ethoc
2867 3184 2927 3231 et
2965 3174 3102 3231 illud
3156 3175 3304 3231 idem
3336 3174 3618 3231 Christus.
3696 3191 3707 3199 '

2027 3265 2165 3322 Cum
2218 3281 2351 3337 ergo
2396 3266 2744 3322 sacerdotem
2796 3266 2966 3323 nobis
2998 3268 3378 3338 porrigentem
3418 3267 3623 3322 videri-

2024 3373 2257 3420 mus.ne
2286 3368 2612 3428 reputemus
2632 3360 2986 3416 sacerdotem
3019 3359 3076 3416 id
3099 3376 3287 3432 agere,
3312 3360 3411 3417 sed
3442 3361 3617 3431 ipsam

2026 3451 2239 3509 Christi
2270 3468 2495 3509 manum
2530 3462 2848 3510 extensam.
2878 3454 3035 3510 Sicut
3060 3453 3212 3509 enim
3234 3470 3365 3510 cum
3413 3454 3625 3524 aliquis

2032 3547 2366 3618 baptizatur,
2401 3562 2748 3617 nequaquam
2801 3548 3066 3604 sacerdos
3111 3547 3211 3603 sed
3263 3547 3410 3603 Deus
3463 3548 3621 3603 illius

2026 3649 2196 3710 caput
2230 3647 2383 3695 tenet
2415 3639 2468 3694 vi
2503 3639 2807 3707 invisibili,
2840 3650 2902 3695 et
2952 3656 3135 3710 neque
3168 3641 3401 3711 angelus
3432 3656 3622 3710 neque

2026 3731 2401 3803 archangelus
2434 3746 2621 3802 neque
2674 3731 2823 3788 alius
2865 3731 3100 3801 quilibet
3131 3731 3401 3787 accedere
3449 3734 3621 3787 audet

2026 3829 2085 3876 ct
2112 3830 2364 3892 tangere;
2399 3822 2482 3878 sic
2514 3823 2685 3877 etiam
2720 3837 2872 3877 nunc
2898 3820 2982 3876 tit.
3016 3821 3174 3887 Quod
3205 3821 3338 3877 inde
3360 3821 3620 3878 ostendi-

2027 3922 2141 3980 tur,
2176 3915 2324 3985 quod
2373 3913 2522 3970 sicut
2564 3915 2622 3969 in
2652 3914 2937 3986 baptismo
2966 3930 3079 3969 non
3129 3914 3268 3971 dicit
3301 3916 3567 3971 sacerdos
3598 3933 3615 3971 :

2029 4006 2141 4077 Ego
2179 4006 2343 4061 talem
2367 4006 2649 4062 hominem
2677 4007 2920 4077 baptizo,
2954 4008 3076 4077 sed,
3101 4006 3249 4063 Talis
3267 4007 3608 4076 baptizatur,

2026 4115 2261 4170 prorsus
2288 4099 2358 4155 ab
2391 4099 2685 4155 individua
2720 4110 2777 4156 et
2807 4102 3270 4159 consubstantiali
3305 4102 3615 4170 Trinitate;

2026 4194 2221 4249 eodem
2252 4193 2418 4250 modo
2448 4193 2542 4250 hic
2569 4195 2739 4249 etiam
2770 4211 2882 4249 non
2907 4195 3048 4250 dicit
3078 4213 3092 4251 :
3120 4195 3236 4265 Ego
3265 4196 3478 4266 Agnum
3519 4198 3616 4253 Det

2026 4286 2277 4349 immolo.
2310 4287 2406 4342 sed
2426 4285 2614 4358 Agnus
2643 4287 2736 4343 Dei
2771 4288 3115 4351 immolatur,
3142 4287 3235 4343 hic
3269 4287 3389 4358 ipse
3417 4289 3620 4345 videli-

2026 4386 2116 4434 cet
2139 4379 2234 4450 qui
2265 4390 2438 4435 semet
2465 4379 2717 4434 immolat
2742 4380 2961 4435 volente
2988 4381 3151 4437 Patre
3178 4391 3235 4437 et
3263 4392 3456 4438 sancto
3486 4382 3616 4451 Spi—

2037 4471 2145 4528 ritu
2177 4482 2556 4543 cooperante:
2590 4472 2735 4527 idem
2779 4473 3044 4529 sacerdos
3090 4483 3147 4529 et
3193 4474 3439 4541 victima,
3468 4475 3620 4531 idem

1952 4556 2006 4618 D
2030 4563 2315 4634 excipiens
2341 4573 2398 4618 et
2427 4563 2693 4619 offerens.

2105 4654 2197 4709 15.
2262 4652 2612 4724 Quapropter
2663 4652 2729 4708 ad
2785 4656 3132 4713 sacerdotem
3183 4673 3287 4713 ceu
3334 4658 3615 4714 Christum

1980 4802 1987 4809 ,
2026 4746 2387 4811 accedentes,
2412 4746 2754 4801 honoremus
2779 4762 2904 4802 cum
2924 4749 3079 4804 omni
3100 4749 3372 4805 munditia
3403 4751 3617 4804 Domini

2032 4853 2255 4907 corpus,
2306 4837 2566 4907 Spiritali,
2627 4839 2877 4910 inquam,
2932 4851 2991 4896 et
3046 4845 3360 4912 corporali;
3417 4844 3622 4913 duplex

2030 4932 2238 5002 quippe
2276 4930 2518 5002 [Domini
2573 4931 2797 5005 natura]
2844 4944 2954 4988 est.
2988 4934 3129 4988 Cum
3180 4934 3401 4990 fervido
3429 4951 3622 4991 amore

2028 5024 2386 5091 accedamus,
2448 5025 2815 5094 nianibusque
2854 5025 2910 5080 in
2954 5030 3144 5082 crucis
3199 5027 3433 5082 formam
3468 5045 3624 5082 cum-

2032 5117 2279 5189 plicatis,
2334 5116 2466 5169 illud
2526 5117 2922 5185 suscipiamus,
2969 5129 3027 5172 et
3080 5118 3278 5183 oculis,
3312 5132 3377 5172 ac
3433 5118 3619 5186 labiis,

2035 5209 2320 5278 frontique
2353 5208 2701 5278 applicantes
2736 5207 2991 5263 divinum
3031 5210 3432 5265 carbunculum
3475 5212 3624 5265 acci-

2032 5299 2279 5370 piatnus,
2312 5307 2372 5352 ut
2398 5307 2624 5367 peccata
2653 5308 2844 5352 nostra
2877 5309 3096 5361 exurat,
3121 5301 3288 5353 corda
3319 5300 3618 5364 illuminct.

2035 5403 2201 5463 atque
2238 5403 2298 5455 ut
2326 5391 2499 5446 divini
2537 5391 2680 5460 ignis
2731 5391 3159 5461 participatione
3213 5392 3625 5449 inﬂammemnr

2034 5500 2099 5539 ac
2143 5484 2490 5538 dciticcmur.
2543 5483 2680 5537 Nam
2739 5483 2834 5553 qui
2894 5483 3042 5537 hunc
3101 5484 3456 5555 participant,
3492 5502 3619 5540 cum

2037 5577 2247 5645 angelis
2282 5585 2338 5629 et
2370 5575 2724 5646 archangelis
2762 5577 3133 5647 supernisque
3163 5578 3465 5634 virtutibus
3486 5594 3624 5635 con-

2039 5669 2268 5735 siStuut,
2302 5668 2499 5723 eadem
2545 5658 2761 5724 Christi
2808 5671 2980 5741 regali
3011 5672 3152 5726 stula
3190 5675 3394 5740 vestiti,
3426 5683 3483 5728 ct
3507 5672 3626 5744 spi-

2376 5788 2702 5861 Buptizatur
2758 5790 2870 5858 N.;
2924 5806 3033 5846 non
3080 5800 3265 5847 autem
3315 5809 3331 5849 :
3395 5791 3508 5864 Ego
3569 5800 3624 5848 te
