4074 6510
458 426 569 497 953
1283 382 1292 387 ⁷
1568 416 1976 479 THEODORI
2017 382 2586 475 MELlTENIUTzE
3647 417 3752 483 95;

467 540 729 600 ritalibus
756 536 929 593 armis
979 532 1261 591 instructi.
1295 532 1405 589 Sed
1461 531 1601 588 nihil
1648 532 1833 590 adhuc
1884 532 2040 588 dixi:
2076 564 2087 593 Α

2190 530 2450 600 ασιλικὴν
2479 528 2676 598 στολὴν
2707 529 2812 599 (9).
2838 528 2906 583 τὰ
2953 529 3094 583 ὅπλα
3125 524 3343 601 ἔχοντες
3384 530 3456 583 τὰ
3504 540 3755 606 πνευμα-

468 639 612 706 ipso,
649 634 899 698 inquam,
931 642 1060 698 rege
1094 623 1299 681 induti.
1337 624 1447 679 Sed
1478 624 1643 680 sicuti
1675 627 1942 681 eximium
1972 640 2057 683 est

464 736 526 779 et
552 721 809 778 mirabile
836 717 1087 773 divinum
1114 716 1222 769 hoc
1252 728 1479 783 corpus,
1518 710 1593 765 ita
1628 713 1902 782 siquidem
1930 730 2056 768 cum

470 812 720 885 puritate
772 810 899 879 quis
949 805 1200 869 accedet,
1235 806 1290 860 in
1339 806 1577 859 salutem
1607 819 1762 858 suam
1809 806 2058 860 accedet.

473 908 570 963 Sin
605 921 738 959 vero
773 918 898 958 eum
931 902 1072 955 mala
1112 898 1477 963 conscientia,
1510 898 1565 951 in
1604 913 1821 967 poenam
1864 914 1926 953 ac
1959 915 2065 968 pu-

472 999 765 1055 nitionem.
808 1015 827 1048 ι
860 994 963 1061 Qui
992 993 1140 1048 enim
1176 991 1480 1045 mandueat
1520 1002 1576 1044 et
1606 991 1747 1044 bibit
1778 991 2057 1060 indigne,»

473 1093 771 1147 Dominum
827 1089 1062 1151 scilicet,
1105 1086 1183 1140 ait
1236 1086 1291 1138 in
1348 1084 1598 1154 Epistula
1635 1086 1701 1137 ad
1742 1083 2065 1139 Corinthios

473 1182 798 1252 Apostolus,
839 1198 858 1232 ι
892 1177 1166 1249 judicium
1199 1174 1639 1238 sibi;inanducat
1677 1185 1732 1228 et
1765 1174 1908 1228 bibit
1933 1175 1996 1227 ”.
2039 1192 2058 1224 ι

474 1276 611 1332 Nam
643 1275 687 1329 si
723 1274 821 1343 qui
873 1271 1113 1340 regalem
1147 1284 1450 1339 purpuram
1496 1268 1794 1336 inquinant
1829 1267 2070 1335 puniun-

476 1380 591 1435 tur,
628 1382 787 1438 zeque
850 1380 916 1419 ac
952 1364 1000 1418 si
1033 1363 1442 1425 dilacerarent;
1480 1375 1589 1413 non
1637 1366 1721 1412 est
1765 1357 2067 1413 absurdum

476 1480 573 1522 eos
603 1464 701 1535 qui
730 1468 916 1516 mente
947 1462 1166 1526 impura
1190 1454 1409 1509 Domini
1440 1465 1646 1522 corpus
1665 1460 1723 1505 et
1742 1451 2067 1521 sanguinem

476 1556 818 1627 suscipiunt,
871 1563 1063 1622 parem
1118 1546 1328 1601 referre
1382 1559 1623 1613 poenam,
1678 1551 1847 1611 atque
1886 1542 1923 1595 ii
1973 1540 2069 1611 qui

481 1651 664 1720 ipsum
693 1646 866 1702 clavis
905 1644 1316 1697 lacerat/erunt.
1349 1638 1471 1691 Non
1500 1644 1586 1691 est
1610 1644 1794 1690 autem
1823 1635 1875 1688 in
1910 1634 2071 1703 culpa

484 1739 876 1810 mysteriorum
909 1744 1150 1798 natura;
1184 1739 1317 1785 sunt
1361 1730 1509 1784 enim
1545 1731 1661 1782 haec
1707 1737 1905 1796 suapte
1936 1725 2075 1779 vivi-

486 1835 626 1896 lica;
673 1831 768 1886 sed
810 1830 1047 1884 istorum
1083 1825 1433 1895 indignitas:
1484 1837 1609 1874 nam
1658 1831 1715 1875 et
1766 1819 1843 1873 SUI
1878 1818 1944 1872 iis
1977 1816 2072 1886 qui

2162 623 2310 678 τικά.
2351 625 2494 677 Ἀλλ’
2516 626 2671 679 οὐδὲν
2702 622 2856 677 εἷπον
2886 624 3140 676 οὐδέπω·
3173 623 3337 678 αὐτὸν
3385 625 3491 696 γάρ
3519 628 3625 680 εἰσι
3670 630 3757 683 ὲνο

2161 715 2445 788 δεδομένοι
2476 720 2566 772 τὸν
2601 717 2851 788 βασιλέα.
2894 717 3035 771 Ἀλλ’
3066 715 3259 788 ὥσπερ
3291 719 3438 771 ἐστὶν
3492 721 3633 788 μέγα
3661 723 3758 774 καὶ

2165 807 2484 876 θαυμαστὸν
2518 814 2678 863 τοῦτο
2721 810 2782 862 τὸ
2819 809 2963 862 θεῖον
3002 810 3162 878 σῶμά
3211 828 3269 863 τε
3323 812 3416 863 καί
3472 812 3533 864 τὸ
3592 807 3755 882 αἷμα,

2165 898 2337 963 οὕτως
2370 900 2435 953 ἂν
2470 901 2569 970 μὲν
2624 901 2762 971 μετά
2813 901 3194 973 καθαρότητος
3240 902 3513 974 προσέλθῃ
3543 921 3649 970 τις,
3679 909 3762 968 είς

2170 993 2449 1061 σωτηρίαν
2483 992 2836 1064 προσῆλθεν·
2870 991 2939 1046 ἂν
2984 993 3043 1047 δὲ
3099 994 3238 1064 μετὰ
3283 995 3524 1065 πονηροῦ
3576 1010 3760 1048 συνει-

2167 1086 2337 1149 δότος,
2372 1088 2450 1151 εἰς
2480 1087 2707 1139 κόλασιν
2737 1086 2832 1141 καὶ
2862 1087 3137 1156 τιμωρίαν
3166 1102 3179 1118 ·
3237 1105 3255 1138 ι
3310 1088 3372 1140 Ὀ
3422 1088 3532 1157 γὰρ
3564 1086 3759 1139 ἐσθίων

2171 1181 2265 1232 καὶ
2298 1178 2470 1232 πίνων
2505 1178 2745 1245 ἀναξίως
2777 1177 2871 1232 τοῦ
2924 1179 3132 1249 Κυρίου
3171 1178 3349 1247 κρίμα
3376 1178 3553 1249 ἑαυτῷ
3587 1178 3759 1233 ἐσθίει

2171 1273 2269 1325 καὶ
2323 1271 2493 1340 πίνει,
2537 1290 2557 1324 ι
2596 1273 2764 1341 φησιν
2817 1270 3229 1333 ὁρἋπόστολος
3275 1272 3604 1325 ὲπ.στὲλλων
3645 1275 3760 1334 τοῖς

2172 1364 2512 1435 Κορινθίοις·
2538 1365 2585 1416 εί
2619 1363 2728 1435 γὰρ
2756 1363 2807 1416 οἱ
2842 1363 3147 1432 ρυποῦντες
3195 1364 3295 1435 τὴν
3344 1364 3632 1434 πορφύραν
3661 1365 3762 1433 τὴν

2175 1456 2467 1527 βασιλικὴν
2500 1454 2828 1520 κολάζονται
2859 1457 3065 1526 ὁμοίως
3100 1456 3293 1526 ὥσπερ
3323 1458 3371 1509 οί
3394 1457 3765 1527 διαρρηγνύν-

2173 1567 2288 1614 τες,
2320 1544 2475 1601 οὐδέν
2505 1548 2738 1609 ἀπεικὸς
2762 1551 2859 1601 καὶ
2892 1549 3019 1607 τοὺς
3067 1548 3370 1618 ἀκαθάρτῳ
3418 1550 3626 1619 διανοίᾳ
3673 1548 3766 1600 δε-

2174 1642 2441 1710 χομένους
2467 1644 2526 1694 τὸ
2555 1641 2649 1695 τοῦ
2684 1643 2893 1713 Κυρίου
2934 1642 3096 1711 σῶμα
3130 1643 3225 1695 καὶ
3271 1642 3331 1694 τὸ
3363 1635 3505 1709 αἷμα
3538 1642 3637 1710 τὴν
3668 1642 3767 1695 αὐ-

2175 1734 2276 1801 τὴν
2311 1734 2607 1803 ὑπομεῖναι
2642 1736 2921 1805 τιμωρίαν
2969 1737 3082 1797 τοῖς
3117 1735 3250 1787 αὐτὸ
3301 1734 3630 1805 διαρῥήξασι
3674 1736 3764 1789 διὰ

2178 1824 2289 1878 τῶν
2311 1825 2462 1896 ἥλων
2486 1842 2500 1857 ·
2528 1826 2589 1878 οὐ
2604 1827 2757 1896 παρά
2780 1828 2879 1894 τὴν
2905 1826 3066 1893 φύσιν
3090 1826 3198 1877 τῶν
3221 1826 3568 1895 μυστηρίων,
3589 1822 3767 1877 ταῦτα

485 1926 738 1982 infirmos
776 1923 971 1978 oculos
998 1919 1237 1981 habent,
1274 1924 1458 1971 nocet.
1494 1913 1561 1966 Et
1581 1912 1691 1966 alio
1717 1912 1838 1965 loco
1867 1919 1927 1963 ut
1960 1918 2076 1963 ter-

2190 1922 2290 1990 γὰρ
2324 1919 2533 1990 ζωηρὰ,
2564 1919 2702 1972 ἀλλὰ
2731 1919 2824 1973 διὰ
2853 1918 2954 1988 τὴν
2999 1918 3208 1971 τούτων
3240 1916 3568 1985 ἀναξιὸτητα
3595 1932 3610 1947 ·
3640 1917 3768 1971 ἐπεὶ

481 2020 705 2076 ribilem
740 2032 864 2072 esse
913 2013 1261 2085 punitionem
1306 2010 1681 2068 demonstret,
1728 2004 1851 2058 ait:
1885 2023 1902 2054 ι
1947 2003 2080 2056 lrri-

483 2123 596 2167 tam
629 2111 755 2181 quis
785 2108 992 2165 faciens
1017 2107 1201 2175 legem
1260 2103 1490 2173 Moysis,
1532 2103 1653 2155 sine
1683 2100 1795 2153 ulla
1846 2097 2081 2152 misera-

487 2206 642 2261 tione
670 2203 891 2259 duobus
933 2202 1023 2254 Vel
1060 2200 1247 2253 tribus
1279 2196 1513 2252 testibus
1556 2194 1831 2252 moritur;
1867 2198 2075 2259 quanto

489 2299 663 2367 magis
694 2295 907 2366 putatis
924 2292 1206 2347 deteriora
1239 2288 1441 2343 mereri
1463 2284 1738 2355 supplicia
1765 2280 2079 2352 quiFilium

489 2392 583 2445 Dei
612 2386 1050 2450 conculcaverit,
1081 2394 1138 2438 et
1166 2381 1490 2451 sanguinem
1524 2375 1869 2432 Testamenti
1904 2374 2082 2444 pollu-

486 2494 609 2538 tum
652 2480 900 2545 duxerit,
930 2479 984 2531 in
1021 2491 1135 2548 quo
1166 2473 1547 2530 sanetiticatus
1577 2481 1662 2525 est
1687 2468 1770 2521 “'2
1804 2486 1823 2519 ι

567 2747 658 2804 16.
698 2744 1071 2801 Attendamus
1126 2722 1320 2812 itaque
1374 2739 1563 2803 nobis.
1602 2737 1816 2802 dilecti,
1856 2736 1951 2807 qui
1992 2737 2086 2792 tali

496 2851 763 2910 tantoque
807 2840 953 2893 bono
1002 2837 1286 2892 fruimur:
1317 2844 1373 2891 et
1417 2850 1543 2892 cum
1595 2835 1852 2890 volumus
1895 2836 2089 2891 obsce-

497 2948 632 2987 num
676 2929 891 3000 aliquid
944 2928 1153 2990 dicere.
1197 2937 1294 2982 aut
1322 2924 1546 2982 nosmet
1581 2926 1660 2981 ira
1692 2929 1955 2994 abreptos
1990 2942 2089 2982 co-

504 3023 849 3095 gnoscimus,
886 3030 983 3077 aut
1007 3022 1112 3076 alia
1147 3018 1384 3090 quadam
1429 3019 1749 3090 huiusmodi
1798 3020 2091 3090 perturba-

502 3119 697 3183 tione,
761 3123 1089 3186 reputemus
1144 3114 1411 3183 qualibus
1470 3112 1634 3167 donis
1698 3112 1851 3180 digiti
1912 3111 2091 3167 habiti

498 3209 800 3275 fuerimus,
849 3216 1062 3276 quanto
1102 3206 1318 3276 Spiritu
1367 3204 1477 3259 frui
1521 3206 1869 3275 contigerit:
1925 3214 2093 3274 atque

500 3303 622 3357 haec
650 3302 916 3373 cogitatio
947 3300 1209 3355 absurdis
1240 3299 1449 3353 nostris
1479 3298 1954 3353 commotionibus
1980 3297 2091 3352 fre-

504 3410 638 3450 num
700 3393 942 3463 injiciat.
996 3392 1136 3447 Nam
1192 3391 1421 3446 divinus
1475 3391 1873 3451 carbunculus,
1926 3405 2092 3460 quem

501 3501 681 3556 nuper
711 3483 1195 3555 participavimus,
1237 3482 1624 3553 quarumlibet
1656 3482 1906 3538 sordium
1937 3499 2094 3538 mun-

400 3628 405 3631 .
504 3579 670 3633 dator
700 3588 809 3642 est,
848 3589 905 3631 et
940 3577 1211 3631 adversus
1239 3575 1574 3630 cuicuimodi
1604 3575 1867 3631 damnum
1899 3577 2092 3631 tutela.

507 3671 609 3724 llic
654 3670 699 3725 si
746 3669 893 3723 forte
920 3684 1120 3723 aurum
1152 3669 1405 3737 Spurium
1442 3667 1851 3737 deprehendat.
1902 3669 2097 3723 critica

504 3762 946 3817 inflammatione
974 3760 1258 3832 pnrificat,
1290 3777 1318 3815 a
1351 3761 1561 3816 morbis
1584 3760 1802 3815 scilicet
1827 3769 1881 3815 et
1912 3762 2098 3816 omni-

507 3853 692 3908 modis
726 3853 1089 3918 excessibus;
1134 3869 1205 3908 ne
1238 3868 1342 3906 una
1387 3868 1516 3907 cum
1553 3853 1762 3906 mundo
1803 3856 2100 3908 damnetur

500 3946 703 4001 futuro
760 3946 969 4001 saeculo
1008 3962 1022 3997 :
1065 3952 1233 4015 atque
1275 3945 1349 3999 ita
1394 3956 1659 4014 purgatos
1707 3945 1827 3999 unit
1876 3945 2098 4015 corpori

510 4039 734 4095 Domini
767 4049 825 4094 et
848 4039 1081 4109 Spiritui
1120 4040 1264 4110 ejus,
1292 4038 1619 4107 Christique
1668 4052 1873 4107 corpus
1905 4037 2100 4093 eilicit.

506 4132 809 4201 Propterea
835 4147 939 4187 nos
966 4149 1190 4202 quoque
1226 4133 1351 4186 vitae
1379 4132 1587 4200 cupidi,
1626 4140 1684 4186 ct
1714 4131 2103 4185 immortalita-

507 4226 582 4281 tis
612 4222 862 4280 datorem
912 4226 1162 4280 divinum
1196 4241 1394 4295 panem
1448 4227 1594 4279 intra
1632 4240 1731 4279 nos
1762 4223 1968 4277 habere
2006 4238 2104 4292 po~

501 4318 802 4381 stulantes,
848 4333 1033 4386 neque
1066 4318 1298 4389 indigne
1333 4317 1666 4372 accedamus
1704 4316 1773 4369 ad
1810 4314 2096 4369 tremenda

506 4412 793 4480 mysteria,
839 4426 909 4464 ne
960 4411 1266 4479 punitioni,
1314 4409 1396 4463 uti
1446 4409 1656 4463 dictum
1710 4419 1816 4471 est,
1872 4404 2099 4459 obnoxii

504 4501 718 4565 simus;
746 4515 929 4570 neque
959 4502 1225 4566 \‘icissim,
1260 4510 1428 4570 prout
1451 4502 1632 4555 solent
1671 4496 2102 4570 negligentiorcs

2181 2014 2277 2066 καὶ
2307 2016 2333 2065 ὁ
2364 2014 2518 2084 ἥλιος
2540 2012 2805 2083 βλαϐερὸς
2838 2018 2954 2077 τοῖς
2990 2014 3088 2071 τὰς
3137 2014 3289 2084 ὄψεις
3323 2013 3766 2085 διεφθαρμένοις.

2182 2106 2294 2160 Καὶ
2325 2107 2561 2177 ἀλλαχοῦ
2589 2107 2671 2172 δὲ,
2704 2107 3199 2177 δεικνὺς-φοϐερὰν
3230 2109 3258 2160 ὁ
3293 2107 3500 2170 Παῦλος
3528 2108 3635 2178 τὴν
3669 2107 3767 2160 κός

2181 2200 2361 2262 λασιν,
2386 2199 2567 2267 λέγει·
2600 2217 2618 2250 ι
2676 2198 2980 2268 Ἀθετήσας
3016 2217 3101 2264 τις
3146 2201 3312 2270 νόμον
3362 2201 3627 2265 Μωσέως,
3659 2218 3770 2270 χω-

2187 2293 2274 2363 ρὶς
2305 2291 2609 2359 οἰκτιρμῶν
2659 2292 2752 2343 ἐπὶ
2782 2292 2937 2345 δυσὶν
2962 2292 2996 2362 ἢ
3029 2294 3181 2360 τρισὶ
3231 2295 3502 2363 μάρτυσιν
3529 2292 3771 2363 ἀποθνήο

2187 2401 2309 2436 σκει
2335 2400 2350 2414 ·
2380 2384 2538 2453 πόσῳ
2565 2382 2774 2436 δοκεῖτε
2821 2384 3069 2455 χείρονος
3100 2385 3466 2456 ἀξιωθήσεται
3498 2385 3771 2454 τιμωρίας

2186 2479 2215 2530 ὁ
2267 2476 2361 2530 τὸν
2417 2476 2547 2529 Υίὸν
2594 2476 2690 2529 τοῦ
2741 2476 2880 2530 Θεοῦ
2942 2481 3360 2549 καταπατήσας,
3412 2479 3596 2530 καὶτὸ
3633 2470 3773 2544 αἷμα

2186 2571 2287 2639 τῆς
2349 2570 2624 2640 διαθήκης
2686 2569 2870 2623 κοινὸν
2931 2572 3315 2642 ἡγησάμενος,
3372 2574 3431 2625 ὲν
3494 2565 3540 2640 ᾧ
3601 2569 3776 2640 ἡγιά-

2190 2662 2294 2733 σθη
2323 2683 2372 2731 ;ι

2266 2766 2361 2821 ις’.
2394 2758 2763 2829 Προσέχωμεν
2793 2756 2978 2810 τοίνυν
3009 2757 3246 2824 ἑαυτοῖς,
3271 2755 3570 2824 ἀγαπητοὶ,
3601 2755 3778 2809 τοιοῦ-

2192 2866 2302 2903 των
2359 2849 2726 2912 ἀπολαύοντες
2780 2848 3043 2917 ἀγαθῶν·
3102 2849 3196 2901 καὶ
3243 2849 3372 2902 ὅταν
3423 2847 3778 2919 βουληθῶμεν

2194 2944 2422 3013 αίσχρόν
2458 2961 2511 2996 τι
2545 2944 2745 3011 είπεῖν,
2776 2943 2810 3015 ἢ
2838 2942 3366 3015 συναρπαζομένους
3397 2944 3626 3006 ἑαυτοὺς
3657 2942 3782 2996 [δω-

2198 3056 2301 3107 μεν
2336 3038 2439 3090 ὐπο
2472 3036 2644 3107 ὀργῆς
2674 3036 2706 3107 ἢ
2742 3036 2935 3107 ἑτέρου
2965 3036 3113 3099 τινὸς
3139 3035 3385 3088 τοιούτου
3436 3033 3665 3099 πάθους,
3693 3034 3780 3087 λοι

2195 3128 2485 3198 γισώμεθα
2509 3129 2674 3182 τίνων
2695 3128 3011 3198 κατηξιώθη
3023 3145 3142 3196 μεν,
3163 3130 3288 3182 ὅσου
3312 3128 3622 3198 πνεύματος
3646 3129 3783 3180 ἁπε-

2120 3241 2163 3297 C
2197 3223 2506 3293 λαύσαμεν,
2531 3225 2628 3277 καὶ
2656 3222 2798 3276 ἔστω
2828 3222 3215 3295 σωφρονισμὸς
3249 3224 3381 3293 ἡμῖν
3415 3221 3525 3275 τῶν
3569 3220 3782 3290 ἀλόγων

2198 3317 2392 3370 παθῶν
2440 3315 2596 3379 οὗτος
2629 3318 2658 3369 ὁ
2687 3315 2949 3385 λογισμός
2981 3329 2995 3346 ·
3027 3318 3055 3369 ὁ
3085 3315 3194 3386 γὰρ
3230 3315 3375 3377 θεῖος
3422 3312 3647 3384 ἄνθραξ,
3685 3306 3781 3364 οὐ·

2200 3427 2308 3480 περ
2347 3409 2448 3481 ἤδη
2481 3408 2844 3479 μετέσχομεν,
2876 3407 3052 3480 ῥύπου
3108 3407 3314 3470 παντός
3340 3409 3457 3459 ἐστι
3502 3406 3784 3475 καθαρτή-

2203 3519 2341 3572 ριος,
2369 3502 2462 3555 καὶ
2493 3500 2702 3570 βλάὀης
2725 3500 3080 3570 παντοδαπῆς
3111 3501 3472 3569 ἀμυντήριον.
3501 3492 3668 3560 Οὗτος
3686 3497 3781 3549 ἐὰν

2197 3592 2405 3661 χρυσὸν
2456 3591 2600 3663 λάϐῃ
2652 3590 2931 3661 κίϐδηλον,
2977 3592 3067 3645 διὰ
3100 3593 3196 3662 τῆς
3233 3590 3489 3661 κριτικῆς
3530 3587 3785 3660 καθαίρει

2200 3685 2530 3754 πυρώσεως,
2558 3683 2681 3753 ἦτοι
2706 3682 2879 3735 νόσων
2915 3682 3010 3734 καὶ
3042 3681 3314 3734 παντοίων
3370 3676 3669 3749 ἐπιφορῶν,
3692 3675 3786 3729 ἵνα

2207 3775 2282 3844 μὴ
2336 3777 2435 3827 σὺν
2484 3773 2562 3844 τῷ
2614 3774 2807 3845 κόσμῳ
2858 3772 3287 3844 κατακριθῶμεν
3317 3772 3374 3823 ὲν
3426 3770 3505 3840 τῷ
3537 3768 3787 3839 μέλλοντι

2202 3869 2401 3922 αἰῶνι·
2439 3868 2529 3919 καὶ
2578 3866 2862 3936 καθαίρων
2891 3866 3002 3917 ἑνοῖ
3028 3864 3106 3934 τῷ
3169 3866 3384 3933 σώματι
3430 3859 3525 3914 τοῦ
3579 3860 3787 3929 Κυρίου

2204 3964 2300 4016 καὶ
2328 3963 2405 4029 τῷ
2441 3961 2714 4029 πνεύματι
2764 3960 2953 4025 αὐτοῦ,
2988 3960 3104 4013 καὶ·
3138 3959 3296 4033 σῶμα
3325 3956 3566 4029 Χριστοῦ
3614 3958 3787 4025 ἀπερ-

2203 4055 2438 4124 γάζεται
2466 4069 2478 4085 ⁸
2517 4055 2605 4108 διὰ
2638 4054 2701 4125 δὴ
2730 4055 2912 4117 τοῦτο,
2940 4053 3035 4106 καὶ
3060 4055 3225 4122 ἡμεῖς
3261 4052 3478 4122 ἔχοντες
3511 4051 3794 4121 ἐπιθυμη-

2204 4150 2374 4210 τικῶς
2431 4148 2530 4216 τῆς
2590 4148 2761 4219 ζωῆς,
2814 4147 2910 4200 καὶ
2951 4147 3046 4200 τὸν
3077 4147 3177 4216 τῆς
3223 4145 3525 4208 ἀθανασίας
3552 4145 3790 4215 χορηγὸν

2208 4239 2353 4291 θεῖον
2386 4239 2551 4306 ἄρτον
2597 4243 2654 4289 ἐν
2687 4240 2899 4298 ἑαυτοῖς
2936 4236 3082 4306 ἔχειν
3130 4236 3439 4305 εὐχόμενοι,
3475 4238 3614 4304 μήτε
3661 4234 3792 4285 ἀνα-

2208 4331 2337 4396 ξίως
2383 4328 2828 4399 προσερχώμεθα
2865 4329 2973 4390 τοῖς
3025 4330 3281 4397 φρικτοῖς
3337 4326 3679 4398 μυστηρίοις,
3705 4324 3795 4377 ἵνα.

2211 4419 2286 4489 μὴ
2318 4421 2543 4472 κολάσει
2583 4421 2878 4473 ὑπεύθυνοι
2915 4419 3228 4488 γενώμεθα.
3254 4418 3506 4487 καθάπερ
3537 4415 3741 4490 ἐρρήθη
3773 4432 3788 4445 ·

2212 4514 2349 4580 μήτε
2388 4512 2550 4564 πάλιν
2586 4513 2730 4566 κατά
2778 4527 2934 4575 τινας
2967 4510 3077 4565 τῶν
3128 4509 3516 4582 ἀμελεστέρων
3564 4507 3793 4570 ὲαυτούς

507 4594 764 4665 quidam,
808 4607 1030 4649 nosmet
1077 4596 1307 4650 omnino
1364 4595 1687 4648 fraudemus
1737 4594 1841 4647 hac
1893 4593 2081 4650 Christ

2212 4605 2497 4667 παντελῶς
2524 4607 2925 4675 ἀποστερῶμεν
2970 4606 3071 4676 τῆς
3120 4605 3211 4658 διὰ
3244 4603 3483 4673 Χριστοῦ
3518 4601 3789 4669 εὐλογίας,

510 4691 940 4755 benedictione;
978 4693 1220 4747 nolendo
1271 4693 1487 4747 scilicet
1539 4691 1823 4745 Christum
1877 4690 2104 4763 mystice

511 4788 871 4856 participare,
934 4786 1305 4840 reverentiam
1375 4784 1746 4839 obtendentes
1813 4798 1944 4838 vero
2005 4799 2103 4838 no-

510 4894 699 4941 cuam,
753 4893 921 4947 quam
974 4877 1211 4932 callidus
1246 4886 1530 4931 veterator
1581 4874 1837 4928 diabolus
1877 4876 2102 4930 adiuve-

511 4971 617 5025 nit.
676 4970 927 5040 Namque
962 4973 1052 5025 hic
1081 4972 1147 5026 ad
1174 4971 1334 5025 dolos
1387 4980 1646 5023 versutus
1668 5011 1683 5032 ,
1711 4968 1941 5022 honeste
2001 4983 2102 5024 nos

512 5062 703 5119 vivere
739 5064 886 5117 haud
936 5063 1093 5127 sinit,
1144 5064 1277 5134 quia
1312 5063 1599 5116 hominum
1656 5064 1902 5130 pernicie
1953 5062 2104 5117 laeta-

510 5167 605 5212 tur
634 5175 647 5210 :
680 5156 778 5211 sed
812 5167 1103 5226 postquam
1136 5156 1382 5224 peccatis
1430 5170 1531 5209 nos
1559 5156 1771 5220 infecit,
1820 5156 2018 5210 suadet
2046 5164 2106 5210 ut

509 5252 947 5306 extimescatnus
1023 5251 1344 5305 tlit‘ittormn
1426 5266 1723 5304 munerum
1798 5250 2110 5320 susceptio-

513 5359 674 5408 nem;
712 5354 773 5397 ιιι
808 5344 887 5397 sic
925 5353 1152 5413 peccato
1192 5357 1414 5411 semper
1445 5344 1778 5409 servientes,
1812 5359 2105 5412 nunquam

511 5436 932 5505 rcsipiscamus,
964 5432 1144 5506 neque
1168 5437 1368 5490 animm
1402 5447 1607 5490 nostrae
1637 5436 1906 5491 utilitates
1937 5452 2105 5507 agno-

513 5542 756 5582 ειπηηιιε.

587 5619 626 5648 ¹¹
667 5618 683 5672 1
737 5617 870 5674 Cor.
909 5634 981 5680 χι,
1007 5618 1098 5673 29.
1215 5618 1259 5650 ¹²
1292 5617 1462 5673 llebr.
1498 5634 1551 5683 χ,
1579 5616 1673 5673 28.

502 5795 507 5803 γ
587 5732 665 5797 (ll
713 5732 960 5802 Respicit
995 5732 1235 5789 fortasse
1271 5743 1467 5787 auctor
1499 5734 1562 5787 ad
1617 5732 1898 5803 propriam
1937 5733 2107 5800 parti-

506 5803 819 5883 ,cipantium
871 5805 1283 5859 Eucharistiam
1335 5806 1558 5868 stolam,
1615 5806 1880 5858 crucibus
1929 5803 2105 5858 inter-

514 5882 795 5927 structam.

505 5930 511 5941 ’
588 5946 663 6013 t2)
707 5943 947 5998 Andiant
973 5944 1085 6000 haec
1122 5945 1191 5999 ab
1227 5944 1451 6001 homine
1480 5944 1694 6007 Cnet-0,
1746 5942 1823 5997 illi
1867 5946 1959 6014 qui
1991 5945 2102 5999 frc-

2211 4696 2270 4749 ὲν
2299 4696 2381 4766 τῷ
2413 4699 2491 4766 μὴ
2533 4696 2824 4764 βούλεσθαι
2857 4699 3053 4750 τούτου
3090 4696 3373 4766 μυστικῶς
3404 4695 3673 4765 μετέχειν,
3697 4694 3793 4745 εὐο

2210 4788 2435 4840 λάὅειαν
2469 4789 2839 4854 πλαττόμενοι
2869 4791 2969 4861 τὴν
3021 4790 3093 4853 ὡς
3126 4788 3347 4858 ἀληθῶς
3378 4788 3690 4858 ἐπιζήμιον,
3726 4785 3795 4857 ῆν

2211 4882 2239 4930 ὁ
2271 4877 2442 4947 βαθὺς
2470 4881 2551 4942 εἰς
2583 4882 2927 4951 πανουργίαν
2961 4880 3149 4949 ἐξεῦρε
3199 4879 3445 4942 διάϐολος
3467 4893 3483 4910 ·
3514 4876 3669 4938 οὗτος
3698 4878 3796 4927 καὶ

2210 4973 2322 5043 γὰρ
2372 4973 2620 5036 ποικίλος
2664 4975 2741 5026 ῶν
2771 4975 2851 5037 είς
2891 4976 3133 5043 ἀπάτην,
3187 4975 3486 5044 σωφρονεῖν
3516 4970 3616 5042 μὲν
3645 4969 3792 5039 ἡμᾶς

2212 5065 2321 5119 οὐδ’
2356 5067 2494 5130 ὅλως
2521 5069 2605 5140 ἑᾷ,
2631 5073 2695 5140 τῇ
2743 5069 2853 5123 τῶν
2903 5068 3212 5137 ἀνθρώπων
3263 5068 3472 5141 χαίρων
3505 5065 3753 5136 ἀπωλείᾳ
3774 5079 3788 5092 ·

2214 5161 2600 5228 καταμολύνας
2631 5163 2688 5215 δὲ
2724 5165 2836 5226 τοῖς
2864 5167 3076 5228 κακοῖς,
3111 5162 3357 5233 φρίττειν
3390 5159 3674 5215 ἀναπείθει
3696 5160 3793 5225 τὴν

2211 5252 2320 5304 τῶν
2346 5252 2507 5305 θείων
2538 5254 2726 5324 δώρων
2755 5257 3086 5326 μετάληψιν,
3105 5255 3196 5309 ἵνα
3218 5253 3514 5317 διαπαντὸς
3532 5256 3595 5322 τῇ
3616 5253 3795 5321 ἀμαρ-

2210 5348 2304 5417 τίᾳ
2344 5345 2695 5411 δουλεύοντες
2757 5350 2915 5420 ἡμεῖς
2968 5348 3224 5418 οὐδαμῶς
3272 5348 3660 5418 ἀνανήψωμεν,
3702 5344 3794 5400 καὶ

2210 5420 2432 5509 ’γνῶμεν
2458 5443 2517 5494 τὸ
2548 5443 2614 5512 τῇ
2644 5440 2792 5513 ψυχῇ
2819 5443 3098 5513 συμφέρον
3134 5443 3233 5511 (1).

2217 5743 2480 5800 quantum
2546 5734 2999 5787 communionem
3065 5732 3412 5803 improbant;
3487 5732 3794 5803 generalem

2213 5809 2534 5871 quamdam,
2562 5822 2669 5858 non
2698 5809 3052 5874 pecul:ar.:nt,
3074 5816 3366 5860 cattSantes
3390 5804 3792 5875 indignitatem,

2214 5885 2307 5928 aut
2339 5875 2648 5930 simulatam
2677 5877 3075 5945 propemodum
3111 5890 3334 5931 πονοι-τυ·
3371 5876 3378 5882 ’
