4074 6476
356 373 461 437 ἓὺὃ

424 499 518 562 ιζ’.
579 495 738 550 Ἀλλά
774 495 1180 568 διαρῥήξωμεν,
1221 494 1551 568 παρακαλῶ,
1583 496 1673 551 τὸν
1722 498 1933 550 ἐκείνου
1965 505 2007 558 Α

355 586 580 657 δεσμὸν,
611 588 707 640 καὶ
737 588 1143 659 ἀπορρίψαντες
1175 587 1268 655 ἀφ’
1307 588 1464 658 ήμῶν
1514 589 1607 640 τὸν
1641 589 1805 656 ζυγὸν
1834 590 1934 641 αὑ-

359 678 474 743 τοῦ,
500 677 883 746 δουλεύσωμεν
911 678 989 748 τῷ
1018 680 1209 750 Κυρίῳ
1243 682 1300 733 ἐν
1345 679 1516 750 φόόῳ,
1540 680 1683 733 καθὰ
1727 681 1934 750 γέγρα-

358 788 513 834 πται,
543 772 640 824 καὶ
671 772 781 825 τῶν
811 773 909 840 τῆς
940 773 1143 841 σαρκὸς
1174 773 1377 840 ἡδονῶν
1424 774 1683 842 ἀμείνους
1728 774 1795 826 δι’
1841 775 1935 842 ὲγ·

358 863 621 934 κρατείας
648 863 955 933 γενόμενοι,
985 864 1302 934 προσίωμεν
1332 867 1400 935 τῇ
1426 865 1547 936 θείᾳ
1572 867 1666 918 καὶ
1696 867 1934 937 οὐρανίῳ

356 953 563 1022 χάριτι,
588 956 680 1006 καὶ
714 955 795 1017 είς
831 954 992 1020 ἁγίαν
1024 955 1317 1008 κοινωνίαν
1342 957 1641 1017 ἀναϐάντες
1670 957 1931 1026 Χριστοῦ,

356 1044 610 1115 καθάπερ
654 1043 867 1105 λέοντες
897 1046 1007 1113 πῦρ
1046 1047 1322 1113 πνέοντες,
1347 1047 1521 1110 οὕτως
1570 1048 1678 1100 ἀπὸ
1723 1050 1823 1115 τῆς
1857 1050 1932 1100 ἱε-

362 1138 460 1205 ρᾶς
479 1139 576 1190 καὶ
599 1138 974 1206 πνευματικῆς
996 1139 1276 1208 τραπέζης
1296 1140 1673 1209 ἀναχωρῶμεν
1697 1140 1932 1208 ἐκείνης,

360 1228 586 1296 φοϐεροὶ
616 1231 692 1297 τῷ
720 1229 954 1300 διαϐόλῳ
986 1235 1288 1300 γινόμενοι,
1322 1232 1418 1283 καὶ
1443 1230 1542 1301 τὴν
1565 1230 1811 1301 κεφαλὴν
1838 1233 1935 1300 τὴν

355 1319 634 1391 ἡμετέραν
664 1322 994 1388 ἐννοοῦντες,
1026 1323 1119 1375 καὶ
1153 1322 1247 1393 τὴν
1276 1323 1500 1392 ἀγάπην
1531 1323 1598 1394 ἢν
1632 1324 1761 1392 περὶ
1787 1324 1818 1394 ὴ
1829 1323 1935 1392 μᾶς

355 1411 672 1478 ἐπεδείξατο
693 1427 709 1444 ο
759 1411 903 1465 οὕτω
937 1412 1045 1482 γάρ
1099 1413 1241 1466 οὕτω
1276 1414 1370 1468 καὶ
1402 1414 1620 1482 ἀπάτης
1677 1413 1935 1481 περιεσό-

359 1503 499 1572 μεθα
527 1503 871 1574 διαδολικῆς,
899 1503 1052 1568 θείας
1078 1522 1137 1557 τε
1183 1505 1401 1573 φύσεως
1429 1505 1776 1574 γενησόμεθα
1824 1520 1937 1556 κοι-

356 1596 534 1661 νωνοὶ,
570 1596 666 1648 καὶ
697 1596 834 1666 πρὸς
870 1595 1015 1666 ζωὴν
1042 1597 1137 1649 καὶ
1163 1595 1473 1665 ἀφθαρσίαν
1499 1596 1891 1665 ἀναϐησόμεθα
1918 1610 1932 1625 ⁸

357 1686 745 1756 κατακοιμίζει
771 1688 878 1757 γὰρ
908 1691 966 1741 ἐν
990 1690 1120 1757 ἡμῖν
1148 1690 1175 1740 ὁ
1205 1688 1439 1758 Χριστὸς
1470 1686 1707 1756 γεγονὼς
1737 1688 1793 1739 ὲν
1820 1687 1934 1748 τοῖς

359 1775 554 1846 μέλεσι
578 1778 676 1846 τῆς
723 1778 924 1848 σαρκὸς
971 1779 1325 1849 ἀγριαίνοντα
1361 1780 1546 1847 νόμον,
1584 1781 1678 1833 καὶ
1722 1777 1934 1841 ἀναζω-

1615 378 1765 439 ΕΤΗ
1786 380 1956 441 lCON
2006 382 2117 444 Vl]
2135 384 2177 443 ί.

3503 379 3612 449 9θῦ

2113 500 2203 554 l7.
2245 491 2360 569 Age
2393 514 2526 553 vero
2557 497 2969 568 dirumpamus,
2996 512 3206 568 qurum,
3244 497 3390 552 illius
3424 497 3615 553 vincu-

2038 595 2178 654 lum.
2227 594 2529 664 jugumque
2590 595 2711 664 ejus
2756 594 2918 665 longe
2968 609 3000 649 a
3055 594 3216 648 nobis
3266 593 3613 662 abjicientes,

2037 686 2346 740 serviamus
2375 686 2605 740 Domino
2651 686 2709 740 in
2762 687 2982 753 timore,
3014 686 3094 740 uti
3124 686 3393 754 scriptum
3429 696 3515 740 est
3548 686 3615 750 ",

2035 787 2095 834 et
2146 779 2335 833 carnis
2385 778 2700 847 voluptates
2751 778 3103 834 continentia
3168 777 3495 841 vincentes,
3547 774 3614 829 ad

2036 870 2284 925 divinam
2337 872 2734 940 cmlestemque
2797 871 3032 942 gratiam
3097 871 3432 925 accedamus
3487 886 3502 923 :
3562 878 3620 924 et

2039 974 2329 1033 postquam
2343 953 2421 1018 ‘ad
2441 972 2689 1018 Sanctam
2715 962 2925 1018 Christi
2951 962 3402 1017 communionem
3421 976 3617 1017 ascen-

2038 1056 2304 1120 derimus,
2348 1055 2573 1110 leonum
2623 1056 2802 1111 instar
2855 1055 3038 1124 ignem
3083 1055 3380 1124 spirantes,
3425 1054 3508 1108 sic
3550 1054 3619 1108 ab

2039 1146 2132 1200 illa
2163 1162 2320 1201 saera
2345 1157 2398 1201 et
2427 1146 2666 1217 spiritali
2708 1161 2898 1201 mensa
2933 1155 3303 1206 revertamur,
3337 1141 3613 1198 terribiles

2037 1232 2169 1288 facti
2200 1233 2446 1297 diabolo,
2472 1243 2531 1288 ct
2562 1234 2630 1288 de
2659 1236 2839 1304 capite
2879 1244 3075 1290 nostro
3102 1233 3328 1301 Christo
3369 1238 3618 1304 cogitan-

2039 1333 2143 1388 tes,
2188 1325 2369 1394 deque
2431 1326 2699 1380 t:haritate
2754 1342 2922 1395 quam
2978 1326 3140 1381 nobis
3191 1326 3466 1380 exhibuit.
3525 1324 3620 1380 Sic

2038 1414 2211 1480 enim,
2244 1416 2345 1475 sic.
2389 1415 2637 1485 inquam,
2674 1416 3005 1472 diabolicam
3046 1415 3299 1471 fraudem
3329 1416 3624 1486 superabi-

2038 1519 2185 1571 mus,
2234 1516 2292 1561 et
2341 1506 2542 1561 divina:
2591 1517 2802 1563 naturae
2847 1508 3405 1574 communicabimus,
3457 1517 3516 1563 et
3552 1506 3621 1561 ad

2038 1599 2206 1651 vitam
2262 1599 2849 1669 innnortalitatcmque
2897 1615 3213 1671 surgemus.
3250 1599 3420 1655 Sedat
3469 1601 3621 1655 enim

2038 1690 2294 1745 Christus
2324 1691 2469 1745 intra
2511 1708 2612 1748 nos
2646 1708 2998 1748 commorans
3023 1694 3344 1748 saevientem
3369 1693 3424 1747 in
3448 1708 3623 1747 mem-
3684 1756 3689 1763 _

2039 1780 2156 1836 bris
2211 1783 2395 1837 carnis
2425 1784 2626 1853 legem,
2666 1785 2929 1853 pietatem
2961 1800 3093 1854 erga
3142 1786 3314 1839 Deum
3349 1784 3621 1847 incendit,

359 1870 525 1938 πυροί
561 1868 662 1938 μὲν
689 1846 899 1940 τὴνήείς
945 1846 1079 1922 Θεὸν
1110 1846 1747 1939 εὐλάϐειαν,ἁπονεκροί
1775 1870 1832 1922 δὲ
1865 1869 1934 1920 τὰ

2041 1870 2375 1938 cupiditates
2402 1874 2705 1928 murtitieat
2738 1892 2753 1929 :
2793 1875 3070 1944 nobisque
3100 1876 3621 1946 peccataﬂiaerentia

356 1962 530 2029 πάθη,
568 1960 644 2031 μὴ
671 1962 1023 2031 λογιζόμενος
1059 1963 1194 2030 ἡμῖν
1222 1964 1290 2015 τὰ
1327 1964 1387 2013 ὲν
1416 1957 1495 2025 οἷς
1544 1963 1711 2029 ἐσμεν
1761 1978 1939 2030 παρα-

356 2053 655 2121 πτώματα,
682 2051 1004 2122 θεραπεύων
1032 2053 1090 2104 δὲ
1123 2053 1324 2121 μᾶλλον
1376 2055 1521 2124 ἡμᾶς
1553 2055 1934 2123 νενοσηκότας,

356 2142 722 2211 καταδεσμῶν
772 2142 848 2205 ὡς
902 2144 1424 2214 συντετριμμένους,
1463 2147 1695 2213 ἐγείρων
1730 2145 1804 2206 ὼς
1835 2162 1936 2197 πε-

358 2229 666 2294 πτωκότας,
699 2231 905 2302 ποιμὴν
943 2231 1148 2299 ἀγαθὸς
1197 2233 1481 2302 ὑπάρχων,
1512 2234 1605 2283 καὶ
1635 2233 1735 2301 τὴν
1760 2232 1938 2301 ψυχὴν

357 2320 553 2375 ἑαυτοῦ
587 2322 759 2385 τιθεὶς
803 2322 945 2392 ὑπὲρ
980 2322 1089 2375 τῶν
1141 2324 1451 2392 προϐάτιον.
1490 2323 1700 2376 Οὐκοῦν
1748 2325 1938 2392 μηδεὶς

357 2412 744 2482 ἐκλελυμένος,
815 2413 1006 2482 μηδεὶς
1057 2414 1310 2474 ναυτιῶν,
1363 2414 1498 2467 ἀλλὰ
1548 2415 1938 2483 πεπυρωμένοι

358 2506 453 2556 καὶ
497 2504 922 2575 διεγηγερμένοι
974 2507 1070 2557 καὶ
1119 2504 1336 2569 ζέοντες
1394 2505 1632 2569 ἅπαντες
1688 2510 1752 2577 τῇ
1818 2506 1938 2575 θείᾳ

356 2594 751 2664 προσέλθωμεν
778 2594 1048 2666 τραπέζῃ,
1081 2596 1242 2648 αὑτὸν
1284 2596 1522 2665 ὁρῶντες
1550 2598 1810 2667 Χρεστδν,
1841 2599 1939 2648 αὑ-

354 2685 448 2738 τοῦ
481 2687 803 2754 ἁπτόμενοι,
833 2687 994 2738 αὑτὸν
1024 2687 1296 2750 ἐσθίοντες
1322 2704 1337 2718 ο
1367 2691 1416 2738 εί
1446 2687 1554 2756 γὰρ
1588 2689 1636 2738 of
1696 2688 1938 2740 Ἰουῖαἴοι

354 2777 616 2842 ἑστῶτες,
642 2780 735 2832 καὶ
768 2780 835 2830 τὰ
881 2779 1208 2848 ὑποδήματα
1255 2781 1656 2847 περικείμενοι,
1688 2781 1782 2831 καὶ
1836 2779 1938 2840 τὰς

356 2873 661 2943 βακτηρίας
689 2874 906 2943 ἔχοντες
934 2876 992 2927 ὲν
1034 2877 1152 2934 ταῖς
1183 2876 1372 2943 χερσὶν
1396 2873 1584 2944 ἤσθιον
1633 2875 1719 2937 ab:
1745 2873 1936 2941 Πάσχα

354 2967 498 3032 μετά
555 2967 813 3036 σπουδῆς,
869 2965 1049 3035 πολλῷ
1110 2966 1310 3034 μᾶλλον
1371 2966 1519 3034 ἡμᾶς
1567 2967 1760 3031 νήφειν
1813 2963 1930 3015 δεῑσ

352 3060 555 3112 ἐκεῖνοι
606 3059 705 3128 μὲν
753 3062 861 3126 γὰρ
911 3059 990 3119 είς
1035 3059 1401 3121 Παλαιστίνην
1440 3058 1665 3125 ἔμελλον
1710 3056 1936 3120 ἐξιέναι.

350 3147 434 3202 διὸ
457 3184 463 3192 ~
486 3149 578 3202 καὶ
630 3150 930 3218 ὁδοιπόρων
963 3151 1267 3217 ἐκέκτηντο
1323 3150 1532 3218 σχῆμα,
1565 3150 1722 3219 ἡμεῖς
1753 3149 1809 3202 δὲ
1853 3150 1933 3212 είς

348 3242 445 3295 τὸν
475 3242 707 3310 οὐρανὸν
740 3243 1010 3312 μέλλομεν
1047 3244 1373 3313 ἀποδημεῖν.

428 3332 521 3404 ιη’.
558 3335 724 3388 Ὅθεν
776 3336 883 3406 χρὴ
922 3339 1192 3392 πάντοθεν
1238 3338 1629 3408 ἐγρηγορέναι,
1661 3339 1826 3393 διὰτὸ
1860 3339 1937 3411 μὴ

328 3427 564 3501 Δμικράν
594 3428 807 3482 κεῖσθαι
841 3428 1062 3483 κόλασιν
1094 3432 1207 3493 τοῖς
1237 3430 1471 3496 ἀναξίως
1504 3435 1818 3502 μετέχουσι,
1843 3435 1937 3487 καὶ

350 3521 421 3591 ἢν
454 3520 675 3584 πάντως
722 3522 1002 3577 πείσονται
1055 3523 1281 3586 δικαίως
1310 3525 1360 3576 οί
1393 3526 1843 3592 κατασφάξαντες
1876 3527 1937 3578 τὸ

350 3611 620 3682 πανάγιον
655 3614 815 3684 σῶμα
849 3614 1088 3684 Χριστοῦ
1109 3629 1124 3644 ·
1156 3615 1302 3678 τίνος
1332 3616 1441 3684 γάρ
1470 3617 1530 3668 οὐ
1569 3616 1651 3668 δεῖ
1682 3617 1936 3688 καθαρώ-

346 3723 510 3776 τερον
559 3702 700 3760 εἶναι
744 3707 838 3759 τὸν
884 3706 985 3776 τῆς
1035 3706 1226 3769 θυσίας
1284 3707 1634 3761 ἀπολαύοντα
1689 3707 1933 3777 ταύτης;

350 3796 520 3859 Ποίας
550 3797 781 3865 ἡλιακῆς
832 3797 1053 3860 ἀκτῖνος
1101 3796 1163 3848 οὐ
1214 3796 1609 3867 λαμπροτέραν
1643 3798 1743 3868 τὴν
1776 3801 1936 3868 χεῖρα

345 3892 450 3959 τὴν
499 3890 702 3959 ταύτην
754 3890 854 3960 τὴν
899 3890 1082 3961 σάρκα
1127 3889 1542 3958 διατέμνουσαν,
1579 3890 1641 3942 τὸ
1669 3891 1849 3958 στόμα
1874 3892 1936 3944 τὸ

348 3985 737 4054 πληρούμενον
769 3984 941 4054 πυρὸς
987 3982 1393 4053 πνευματικοῦ,
1421 3983 1519 4052 τὴν
1555 3983 1805 4050 γλῶσσαν
1834 3984 1935 4053 τὴν

347 4076 779 4143 φοινισσομένην
805 4074 999 4145 αἵματι
1040 4074 1470 4145 φρικωδεστάτῳ
1497 4091 1513 4141 ;
1558 4076 1935 4146 Ἐννοήσωμεν

349 4166 509 4219 ποίαν
535 4166 879 4237 ὲτιμήθημεν
924 4166 1111 4237 τιμὴν,
1143 4167 1303 4228 ποίας
1354 4162 1703 4236 ἀπολαύομεν
1732 4169 1930 4236 τραπέ-

346 4255 448 4325 ζης
472 4269 487 4285 ⁸
524 4257 662 4327 ὅπερ
716 4258 939 4326 ἄγγελοι
999 4257 1291 4328 βλέποντες
1345 4258 1651 4327 φρίττουσι,
1685 4261 1780 4312 καὶ
1811 4261 1934 4312 οὐδὲ

345 4346 670 4415 ἁντιῦλεψαι
724 4346 1001 4416 τολμῶσιν
1033 4348 1225 4412 ἀδεῶς,
1246 4349 1335 4402 διὰ
1368 4348 1464 4419 την
1491 4350 1703 4401 ἐκεῖθεν
1732 4351 1937 4420 ἀστρα-

348 4437 458 4507 πὴν
485 4438 816 4509 φερομένην.
850 4437 1040 4510 Τούτῳ
1068 4440 1229 4509 ἡμεῖς
1259 4441 1597 4510 τρεφόμεθα,
1650 4443 1746 4496 καὶ
1773 4443 1935 4511 σῶμα

2034 1962 2144 2033 jam
2179 1979 2288 2016 non
2314 1965 2572 2032 imputat,
2603 1964 2698 2020 sed
2735 1981 2838 2020 nos
2865 1969 3051 2035 potius
3077 1976 3412 2036 a‘grotantes
3439 1975 3618 2034 sanat,

2038 2055 2315 2109 contritus
2352 2055 2561 2124 alligat,
2598 2056 2785 2126 lapsos
2836 2055 3025 2127 erigit,
3054 2073 3178 2110 cum
3212 2058 3284 2110 sit
3314 2057 3493 2111 bonus
3526 2071 3622 2125 pa-

2036 2154 2155 2199 stor
2198 2145 2293 2214 qui
2339 2146 2580 2199 animam
2634 2162 2789 2200 suam
2841 2163 2942 2216 pro
2991 2149 3190 2202 ovibus
3234 2147 3410 2215 ponit.
3449 2146 3622 2201 Nemo

2038 2234 2227 2303 itaque
2279 2234 2599 2303 languidus,
2656 2250 2820 2289 nemo
2870 2226 3171 2302 nauseans,
3207 2234 3304 2290 sed
3359 2235 3514 2305 igniti
3567 2244 3624 2287 et

2039 2331 2213 2384 erecti
2246 2345 2443 2385 omnes
2484 2339 2652 2398 atque
2697 2330 2980 2384 lerventes
3009 2330 3078 2383 ad
3116 2330 3356 2383 divinam
3394 2329 3623 2383 acceda-

2041 2438 2164 2476 mus
2196 2438 2467 2488 meusam,
2506 2424 2686 2492 ipsum
2733 2433 3054 2492 spectantes
3098 2423 3622 2491 Cln'istum,,ipsum

2039 2514 2393 2585 frangentes,
2421 2516 2602 2584 ipsum
2635 2516 3014 2569 coniedentes.
3040 2515 3176 2569 Nam
3211 2514 3444 2570 siJudaei
3477 2523 3628 2570 stan-

2043 2615 2147 2673 tes,
2177 2617 2234 2662 ct
2262 2608 2654 2661 calceamentis
2685 2608 2968 2671 instructi,
2999 2606 3337 2676 baeulosque
3367 2606 3627 2661 manibus

2044 2708 2323 2765 tenentes,
2374 2698 2587 2754 Pascha
2627 2698 3037 2753 inandueabant
3078 2713 3204 2753 cum
3242 2697 3620 2765 festinatione,

2041 2790 2217 2842 multo
2237 2788 2409 2858 magis
2440 2805 2540 2842 nos
2581 2788 2965 2857 oportetfrugi
3003 2801 3165 2853 esse;
3196 2787 3404 2841 etenim
3438 2787 3514 2841 illi
3565 2778 3622 2841 in

2039 2880 2391 2934 Palaestinam
2446 2880 2750 2950 profecturi
2803 2890 2984 2949 erant,
3029 2892 3295 2951 quareet
3341 2882 3621 2935 viatorum

2040 2976 2260 3028 schema
2294 2974 2689 3040 assumebant.;
2725 2989 2828 3030 nos
2858 2989 2992 3030 vero
3020 2975 3076 3028 in
3102 2973 3303 3029 ccelum
3338 2971 3624 3029 transituri

2043 3076 2256 3117 SlllllUS.

2110 3328 2201 3383 18.
2240 3327 2590 3396 Quapropter
2646 3329 2876 3384 omnino
2928 3330 3266 3400 vigilandum
3317 3338 3437 3395 est,
3491 3329 3623 3399 quia

2039 3436 2149 3475 non
2185 3421 2325 3477 levis
2353 3431 2541 3478 manet
2578 3436 2737 3491 paena
2790 3422 3021 3490 indigne
3068 3422 3492 3493 participantes,
3532 3421 3624 3475 illa

2039 3529 2294 3583 prorsus,
2323 3531 2489 3585 quam
2517 3516 2667 3588 juste
2698 3516 2981 3585 patientur
3007 3516 3043 3569 ii
3076 3517 3169 3585 qui
3196 3515 3621 3570 sanctissimum

2039 3607 2248 3661 Christi
2307 3624 2512 3678 corpus
2564 3617 2973 3663 mactaverunt.
3030 3608 3197 3663 Certe
3251 3610 3385 3678 quid
3429 3610 3625 3678 purius

2038 3715 2161 3752 esse
2193 3699 2357 3767 debet
2389 3700 2638 3765 homine,
2671 3701 2763 3768 qui
2801 3700 2945 3753 hanc
2985 3699 3268 3755 victimam
3302 3711 3626 3770 gustaturus

2038 3790 2159 3845 est?
2199 3790 2341 3857 Quid
2396 3791 2453 3845 ni
2502 3792 2673 3846 solari
2730 3792 2887 3845 radio
2919 3792 3262 3861 splendidior
3311 3807 3432 3846 csse
3460 3792 3626 3847 debet

2038 3899 2258 3945 manus,
2300 3898 2425 3953 quae
2454 3884 2598 3937 hanc
2628 3898 2863 3938 carnem
2896 3884 3206 3946 distribuit,
3243 3899 3305 3938 os
3354 3885 3479 3954 igne
3505 3884 3625 3953 spi-

2038 3974 2186 4028 ritali
2224 3974 2476 4043 plenum,
2506 3974 2696 4043 lingua
2737 3973 3045 4030 rubescens
3079 3973 3350 4044 sanguine
3378 3986 3623 4027 tremen—

2039 4065 2312 4121 dissimo?
2336 4065 2771 4120 Consideremus
2799 4065 2950 4134 quali
2980 4066 3193 4120 honore
3224 4065 3372 4120 aucti
3418 4067 3617 4125 simus.

2039 4158 2188 4229 quali
2245 4156 2501 4212 fruamur
2553 4172 2797 4211 mensa:
2848 4173 3014 4226 quam
3067 4157 3250 4226 angeli
3304 4166 3622 4227 speetantes

2044 4258 2307 4313 tremunt,
2345 4266 2522 4319 neque
2572 4249 2767 4304 oculos
2816 4260 3012 4303 contra
3045 4250 3302 4303 attollere
3350 4248 3623 4317 intrepide

2038 4346 2265 4409 audent,
2326 4354 2556 4413 prepter
2598 4343 2725 4397 inde
2778 4343 3107 4396 emicanteiu
3150 4343 3443 4411 fulgorem.
3506 4340 3621 4393 lloc

2039 4453 2142 4492 nos
2179 4438 2484 4497 uutrimnr,
2517 4436 2650 4489 huic
2678 4435 3211 4497 commiscemur,,et
3237 4449 3440 4502 corpus
3462 4432 3622 4488 Chri-

346 4531 587 4601 Χριστοῦ
622 4531 889 4599 γινόμεθα
935 4530 1015 4594 ἓν,
1050 4532 1145 4584 καὶ
1200 4531 1338 4601 σὰρξ
1386 4533 1506 4602 μία.
1561 4534 1657 4596 Τίς
1712 4534 1935 4604 λαλήσει

2045 4537 2112 4582 sti
2158 4544 2328 4583 unum
2364 4529 2654 4590 ellicimur,
2712 4537 2770 4582 et
2816 4543 2948 4582 caro
3006 4542 3135 4580 una.
3192 4526 3325 4592 Quis
3368 4527 3625 4595 loquetur

343 4627 445 4688 τὰς
472 4625 787 4686 δυναστείας
816 4621 911 4676 τοῦ
944 4624 1176 4693 Κυρίου,
1207 4626 1477 4687 ἀκουστὰς
1503 4627 1719 4695 ποιήσει
1757 4627 1933 4689 πάσας

346 4720 447 4781 τὰς
478 4719 714 4781 αἰνέσεις
738 4717 905 4771 αὐτοῦ
931 4716 1063 4783 ςδιὰ
1092 4717 1311 4770 πάντων
1330 4720 1478 4788 ἡμᾶς
1511 4720 1657 4789 αὐτῷ
1690 4719 1935 4787 συμπλέ-

352 4826 562 4873 κοντος,
590 4810 687 4862 καὶ
713 4809 793 4861 ἑνὶ
837 4809 1054 4878 ἑκάστῳ
1080 4808 1187 4860 τῶν
1235 4809 1443 4863 πιστῶν
1495 4810 1690 4863 ἑαυτὸν
1736 4813 1935 4879 ἀναμι-

348 4900 574 4969 γνύντος
601 4900 688 4954 διὰ
714 4900 810 4953 τοῦ
848 4901 1152 4970 μυστηρίου
1183 4914 1197 4930 '
1243 4900 1340 4953 καὶ
1373 4899 1549 4971 τούτῳ
1581 4903 1789 4965 πάντας
1811 4900 1930 4953 πεί-

350 4996 533 5056 θοντος
563 4994 746 5059 πάλιν,
769 4993 851 5047 ὅτι
885 4992 1065 5062 σάρκα
1104 4991 1265 5046 ἔλαϐε
1293 4992 1393 5063 τὴν
1428 4994 1609 5063 ἡμῶν.
1633 4995 1724 5064 Μὴ
1751 4993 1933 5046 τοίνυν

351 5086 690 5157 ῥαθυμῶμεν
720 5084 991 5153 τοσαύτης
1024 5084 1318 5154 ἠξιωμένοι
1351 5086 1518 5156 τιμῆς
1564 5087 1658 5138 καὶ
1688 5086 1931 5154 ἀγάπης.

347 5179 460 5247 Οὐχ
481 5177 697 5247 δρῶμεν
730 5176 799 5229 τά
831 5176 1021 5229 παιδία
1046 5176 1165 5247 μεθ’
1194 5177 1326 5248 ὅσης
1353 5177 1663 5248 προθυμίας
1696 5178 1933 5247 δράσσε-

341 5287 440 5324 ται
471 5269 563 5323 τοῦ
594 5267 826 5340 μαστοῦ,
862 5267 988 5334 μεθ’
1019 5269 1152 5339 ὅσης
1181 5268 1280 5338 τῆς
1313 5270 1491 5338 ὁρμῆς
1525 5271 1841 5340 ἐμπήγνυσι
1868 5273 1930 5341 τῇ

350 5362 489 5435 θηλῇ
523 5365 593 5416 τὰ
622 5362 776 5434 χείλη
799 5381 812 5428 ;
837 5363 993 5416 Μετά
1015 5362 1286 5432 τοσαύτης
1312 5363 1631 5433 προσίωμεν
1654 5365 1749 5417 καὶ
1770 5366 1932 5434 ἡμεῖς

345 5459 417 5528 τῇ
462 5454 715 5526 τραπέζῃ
766 5454 943 5527 ταύτῃ
976 5454 1070 5507 καὶ
1099 5457 1163 5526 τῇ
1213 5453 1350 5524 θηλῇ
1394 5454 1487 5507 τοῦ
1539 5454 1805 5525 ποτηρίου
1838 5456 1932 5509 τοῦ

348 5548 724 5617 πνευματικοῦ
750 5562 763 5576 ·
795 5549 996 5617 μᾶλλον
1029 5548 1086 5600 δὲ
1116 5547 1255 5617 μετὰ
1285 5546 1468 5617 πολλῷ
1507 5548 1774 5612 πλείονος.
1813 5549 1934 5602 Ἐλυ

349 5641 632 5712 κὺσωμεν,
668 5641 743 5704 ὡς
778 5641 969 5696 παιδία
1008 5642 1315 5713 ὑπομάζια,
1348 5642 1441 5695 τοῦ
1490 5642 1808 5715 Πνεῦματος
1836 5646 1934 5717 τὴν

424 5817 471 5849 ¹³
501 5816 646 5872 Psal.
688 5833 749 5882 ll,
777 5817 864 5872 ll.

2044 4622 2323 4691 potentias
2347 4619 2585 4685 Domini,
2610 4619 2828 4673 auditas
2861 4619 3023 4673 faciet
3038 4633 3234 4672 omnes
3255 4618 3445 4673 laudes
3463 4618 3623 4688 ejus?

2043 4713 2138 4783 qui
2174 4713 2404 4767 omnino
2435 4729 2536 4768 nos
2576 4713 2681 4769 sibi
2742 4712 2989 4781 capulat,
3023 4714 3116 4781 qui
3146 4712 3448 4780 unicuique
3489 4711 3624 4766 lide-

2043 4805 2178 4859 liuin
2216 4820 2275 4859 se
2323 4805 2568 4860 insinuat
2625 4819 2722 4874 per
2768 4805 2872 4858 hoc
2921 4804 3270 4875 mysterium,
3318 4802 3624 4871 eodemque

2044 4898 2210 4951 simul
2236 4896 2435 4951 suadet
2468 4913 2526 4953 se
2552 4912 2775 4953 carnem
2804 4907 3049 4952 nostram
3078 4895 3209 4950 olim
3236 4897 3619 4966 assumpsisse.

2042 4989 2123 5045 Nc.
2159 4990 2330 5057 igitur
2364 4990 2630 5044 socordes
2663 4990 2867 5059 simus,
2890 4997 3187 5057 postquam
3227 4989 3440 5042 honore
3474 4997 3625 5041 tanto

2045 5091 2214 5151 atque
2248 5095 2441 5135 amore
2474 5081 2624 5149 digni
2672 5080 2845 5134 habiti
2882 5081 3111 5134 fuimus.
3144 5080 3339 5135 Nonne
3374 5079 3628 5133 videmus

2044 5173 2347 5228 infantulos
2381 5172 2545 5243 qbam
2575 5181 2831 5242 prompte
2853 5174 3024 5227 ubera
3057 5173 3390 5239 corripiunt,
3418 5180 3627 5240 quanto

2045 5266 2251 5335 impetu
2290 5280 2539 5320 mammae
2576 5264 2721 5319 labia
2757 5263 3093 5319 admovent?
3122 5263 3247 5316 Pari
3293 5271 3352 5317 et
3378 5277 3482 5316 nos
3513 5262 3628 5317 ala-

2043 5358 2244 5413 critate
2276 5358 2607 5412 accedamus
2634 5356 2700 5411 ad
2744 5357 2887 5411 hanc
2920 5370 3189 5419 mensam,
3216 5364 3275 5410 et
3303 5354 3370 5409 ad
3403 5355 3628 5423 spirita-

2043 5453 2111 5507 lis
2145 5452 2332 5508 calicis
2386 5452 2687 5522 papillam:
2725 5451 2836 5506 imo
2879 5450 3046 5505 etiam
3102 5451 3332 5520 majore.
3369 5448 3629 5506 Attraha-

2043 5559 2189 5610 mus,
2230 5554 2492 5614 tanquam
2543 5543 2703 5614 pueri
2737 5543 3035 5606 lactentes,
3068 5540 3309 5609 Spiritus
3351 5539 3625 5612 gratiam;

2043 5648 2101 5693 et
2134 5637 2334 5693 unicus
2383 5637 2545 5693 nobis
2596 5637 2673 5694 sit
2700 5635 2861 5692 dolor
2891 5634 2998 5690 hoc
3027 5634 3291 5689 alimento
3336 5650 3442 5688 mn
3494 5633 3625 5688 frui.
