  <div class='ocr_page' id='page_1' title='image "/cluster/home/n/w/nwhite01/storage/ocr_20150623/149:no.2/coo.31924054870542/489.png"; bbox 0 0 4074 6478; ppageno 0'>
   <div class='ocr_carea' id='block_1_1' title="bbox 525 397 629 460">
    <p class='ocr_par' dir='ltr' id='par_1_1' title="bbox 525 397 629 460">
     <span class='ocr_line' id='line_1_1' title="bbox 525 397 629 460; baseline -0.019 -1"><span class='ocrx_word' id='word_1_1' title='bbox 525 397 629 460; x_wconf 81' lang='lat'><strong>967</strong></span> 
     </span>
    </p>
   </div>
   <div class='ocr_carea' id='block_1_2' title="bbox 1663 375 2669 447">
    <p class='ocr_par' dir='ltr' id='par_1_2' title="bbox 1663 375 2669 447">
     <span class='ocr_line' id='line_1_2' title="bbox 1663 375 2669 447; baseline -0.006 -1"><span class='ocrx_word' id='word_1_2' title='bbox 1663 383 2067 447; x_wconf 81' lang='lat' dir='ltr'><strong>THEODORI</strong></span> <span class='ocrx_word' id='word_1_3' title='bbox 2107 375 2669 443; x_wconf 63' lang='lat' dir='ltr'><strong>MELITENIOTAE</strong></span> 
     </span>
    </p>
   </div>
   <div class='ocr_carea' id='block_1_3' title="bbox 3695 381 3784 443">
    <p class='ocr_par' dir='ltr' id='par_1_3' title="bbox 3695 381 3784 443">
     <span class='ocr_line' id='line_1_3' title="bbox 3695 381 3784 443; baseline 0 0"><span class='ocrx_word' id='word_1_4' title='bbox 3695 381 3784 443; x_wconf 25' lang='lat'><strong>9‘8</strong></span> 
     </span>
    </p>
   </div>
   <div class='ocr_carea' id='block_1_4' title="bbox 519 489 2113 568">
    <p class='ocr_par' dir='ltr' id='par_1_4' title="bbox 519 497 2102 568">
     <span class='ocr_line' id='line_1_4' title="bbox 519 497 2102 568; baseline -0.011 0"><span class='ocrx_word' id='word_1_5' title='bbox 519 513 723 568; x_wconf 82' lang='lat' dir='ltr'><strong>Nullus</strong></span> <span class='ocrx_word' id='word_1_6' title='bbox 767 505 914 562; x_wconf 99' lang='lat' dir='ltr'><strong>adsit</strong></span> <span class='ocrx_word' id='word_1_7' title='bbox 961 502 1154 566; x_wconf 71' lang='lat' dir='ltr'><strong>ludas,</strong></span> <span class='ocrx_word' id='word_1_8' title='bbox 1204 500 1391 558; x_wconf 88' lang='lat' dir='ltr'><strong>nullus</strong></span> <span class='ocrx_word' id='word_1_9' title='bbox 1429 516 1654 566; x_wconf 81' lang='lat' dir='ltr'><strong>avarus,</strong></span> <span class='ocrx_word' id='word_1_10' title='bbox 1707 501 1897 555; x_wconf 88' lang='lat' dir='ltr'><strong>nullus</strong></span> <span class='ocrx_word' id='word_1_11' title='bbox 1938 497 2102 552; x_wconf 91' lang='lat' dir='ltr'><strong>inhu-</strong></span> 
     </span>
    </p>
   </div>
   <div class='ocr_carea' id='block_1_5' title="bbox 2218 489 3786 568">
    <p class='ocr_par' dir='ltr' id='par_1_5' title="bbox 2218 489 3786 566">
     <span class='ocr_line' id='line_1_5' title="bbox 2218 489 3786 566; baseline -0.001 -18"><span class='ocrx_word' id='word_1_12' title='bbox 2218 495 2408 566; x_wconf 65' lang='lat' dir='ltr'><strong>(éptV&#39;</strong></span> <span class='ocrx_word' id='word_1_13' title='bbox 2452 489 2546 550; x_wconf 75' lang='grc' dir='ltr'>καὶ</span> <span class='ocrx_word' id='word_1_14' title='bbox 2579 495 2676 564; x_wconf 92' lang='grc' dir='ltr'><strong>μία</strong></span> <span class='ocrx_word' id='word_1_15' title='bbox 2719 495 2851 564; x_wconf 75' lang='grc' dir='ltr'>ἡμῖν</span> <span class='ocrx_word' id='word_1_16' title='bbox 2875 492 3017 545; x_wconf 82' lang='grc' dir='ltr'>ἔστω</span> <span class='ocrx_word' id='word_1_17' title='bbox 3063 492 3249 560; x_wconf 64' lang='grc' dir='ltr'>ὀδύνη,</span> <span class='ocrx_word' id='word_1_18' title='bbox 3295 492 3355 546; x_wconf 77' lang='grc' dir='ltr'>τδ</span> <span class='ocrx_word' id='word_1_19' title='bbox 3393 495 3467 562; x_wconf 79' lang='grc' dir='ltr'>μὴ</span> <span class='ocrx_word' id='word_1_20' title='bbox 3505 501 3786 566; x_wconf 73' lang='grc' dir='ltr'><strong>μετασχεῖν</strong></span> 
     </span>
    </p>
   </div>
   <div class='ocr_carea' id='block_1_6' title="bbox 521 591 2105 665">
    <p class='ocr_par' dir='ltr' id='par_1_6' title="bbox 521 591 2105 665">
     <span class='ocr_line' id='line_1_6' title="bbox 521 591 2105 665; baseline -0.01 -6"><span class='ocrx_word' id='word_1_21' title='bbox 521 617 747 665; x_wconf 86' lang='lat' dir='ltr'><strong>manus,</strong></span> <span class='ocrx_word' id='word_1_22' title='bbox 792 599 980 654; x_wconf 87' lang='lat' dir='ltr'><strong>nullus</strong></span> <span class='ocrx_word' id='word_1_23' title='bbox 1037 594 1281 652; x_wconf 82' lang='lat' dir='ltr'><strong>crudelis</strong></span> <span class='ocrx_word' id='word_1_24' title='bbox 1328 603 1384 649; x_wconf 87' lang='lat' dir='ltr'><strong>et</strong></span> <span class='ocrx_word' id='word_1_25' title='bbox 1442 592 1863 655; x_wconf 80' lang='lat' dir='ltr'><strong>immisericors,</strong></span> <span class='ocrx_word' id='word_1_26' title='bbox 1922 591 2105 644; x_wconf 87' lang='lat' dir='ltr'><strong>nullus</strong></span> 
     </span>
    </p>
   </div>
   <div class='ocr_carea' id='block_1_7' title="bbox 523 682 2104 759">
    <p class='ocr_par' dir='ltr' id='par_1_7' title="bbox 523 682 2104 759">
     <span class='ocr_line' id='line_1_7' title="bbox 523 682 2104 759; baseline -0.007 -12"><span class='ocrx_word' id='word_1_27' title='bbox 523 693 753 746; x_wconf 85' lang='lat' dir='ltr'><strong>omnino</strong></span> <span class='ocrx_word' id='word_1_28' title='bbox 789 691 1062 759; x_wconf 89' lang='lat' dir='ltr'><strong>impurus.</strong></span> <span class='ocrx_word' id='word_1_29' title='bbox 1109 687 1166 741; x_wconf 91' lang='lat' dir='ltr'><strong>Si</strong></span> <span class='ocrx_word' id='word_1_30' title='bbox 1207 685 1333 755; x_wconf 87' lang='lat' dir='ltr'><strong>quis</strong></span> <span class='ocrx_word' id='word_1_31' title='bbox 1381 694 1466 738; x_wconf 90' lang='lat' dir='ltr'><strong>est</strong></span> <span class='ocrx_word' id='word_1_32' title='bbox 1495 683 1827 753; x_wconf 82' lang='lat' dir='ltr'><strong>discipulus,</strong></span> <span class='ocrx_word' id='word_1_33' title='bbox 1863 682 2056 736; x_wconf 88' lang='lat' dir='ltr'><strong>adesto</strong></span> <span class='ocrx_word' id='word_1_34' title='bbox 2087 697 2104 736; x_wconf 86' lang='lat'>:</span> 
     </span>
    </p>
   </div>
   <div class='ocr_carea' id='block_1_8' title="bbox 524 775 2107 853">
    <p class='ocr_par' dir='ltr' id='par_1_8' title="bbox 524 775 2107 853">
     <span class='ocr_line' id='line_1_8' title="bbox 524 775 2107 853; baseline -0.005 -19"><span class='ocrx_word' id='word_1_35' title='bbox 524 785 620 853; x_wconf 93' lang='lat' dir='ltr'><strong>qui</strong></span> <span class='ocrx_word' id='word_1_36' title='bbox 669 797 777 836; x_wconf 92' lang='lat' dir='ltr'><strong>non</strong></span> <span class='ocrx_word' id='word_1_37' title='bbox 833 789 964 835; x_wconf 89' lang='lat' dir='ltr'><strong>sunt</strong></span> <span class='ocrx_word' id='word_1_38' title='bbox 1017 777 1362 845; x_wconf 87' lang='lat' dir='ltr'><strong>hujusmodi,</strong></span> <span class='ocrx_word' id='word_1_39' title='bbox 1395 791 1492 831; x_wconf 91' lang='lat' dir='ltr'><strong>eos</strong></span> <span class='ocrx_word' id='word_1_40' title='bbox 1523 790 1632 830; x_wconf 89' lang='lat' dir='ltr'><strong>non</strong></span> <span class='ocrx_word' id='word_1_41' title='bbox 1671 775 1871 844; x_wconf 68' lang='lat' dir='ltr'><strong>recipit</strong></span> <span class='ocrx_word' id='word_1_42' title='bbox 1917 788 2107 828; x_wconf 77' lang='lat' dir='ltr'><strong>mensa</strong></span> 
     </span>
    </p>
   </div>
   <div class='ocr_carea' id='block_1_9' title="bbox 524 864 2102 940">
    <p class='ocr_par' dir='ltr' id='par_1_9' title="bbox 524 864 2102 940">
     <span class='ocr_line' id='line_1_9' title="bbox 524 864 2102 940; baseline -0.01 -9"><span class='ocrx_word' id='word_1_43' title='bbox 524 879 662 932; x_wconf 65' lang='lat' dir='ltr'><strong>hate.</strong></span> <span class='ocrx_word' id='word_1_44' title='bbox 683 893 702 926; x_wconf 73' lang='grc' dir='ltr'><strong>ι</strong></span> <span class='ocrx_word' id='word_1_45' title='bbox 725 875 861 930; x_wconf 88' lang='lat' dir='ltr'><strong>Cum</strong></span> <span class='ocrx_word' id='word_1_46' title='bbox 885 869 1194 940; x_wconf 86' lang='lat' dir='ltr'><strong>discipulis,</strong></span> <span class='ocrx_word' id='word_1_47' title='bbox 1227 868 1430 937; x_wconf 90' lang='lat' dir='ltr'><strong>inquit,</strong></span> <span class='ocrx_word' id='word_1_48' title='bbox 1454 866 1592 921; x_wconf 85' lang='lat' dir='ltr'><strong>meis</strong></span> <span class='ocrx_word' id='word_1_49' title='bbox 1611 866 1752 920; x_wconf 81' lang='lat' dir='ltr'><strong>facio</strong></span> <span class='ocrx_word' id='word_1_50' title='bbox 1770 865 1981 919; x_wconf 81' lang='lat' dir='ltr'><strong>Pascha</strong></span> <span class='ocrx_word' id='word_1_51' title='bbox 2003 864 2066 919; x_wconf 65' lang='grc' dir='ltr'>η.</span> <span class='ocrx_word' id='word_1_52' title='bbox 2083 881 2102 916; x_wconf 78' lang='grc' dir='ltr'><strong>ι</strong></span> 
     </span>
    </p>
   </div>
   <div class='ocr_carea' id='block_1_10' title="bbox 525 959 2106 1034">
    <p class='ocr_par' dir='ltr' id='par_1_10' title="bbox 525 959 2106 1034">
     <span class='ocr_line' id='line_1_10' title="bbox 525 959 2106 1034; baseline -0.008 -11"><span class='ocrx_word' id='word_1_53' title='bbox 525 969 652 1023; x_wconf 70' lang='grc' dir='ltr'>Ιιιεο</span> <span class='ocrx_word' id='word_1_54' title='bbox 678 967 744 1020; x_wconf 90' lang='lat' dir='ltr'><strong>ad</strong></span> <span class='ocrx_word' id='word_1_55' title='bbox 771 981 867 1019; x_wconf 76' lang='lat' dir='ltr'><strong>eos</strong></span> <span class='ocrx_word' id='word_1_56' title='bbox 894 963 989 1034; x_wconf 91' lang='lat' dir='ltr'><strong>qui</strong></span> <span class='ocrx_word' id='word_1_57' title='bbox 1035 975 1194 1018; x_wconf 79' lang='lat' dir='ltr'><strong>sacra</strong></span> <span class='ocrx_word' id='word_1_58' title='bbox 1223 960 1620 1015; x_wconf 82' lang='lat' dir='ltr'><strong>communione</strong></span> <span class='ocrx_word' id='word_1_59' title='bbox 1661 975 1770 1013; x_wconf 83' lang='lat' dir='ltr'><strong>non</strong></span> <span class='ocrx_word' id='word_1_60' title='bbox 1801 959 2106 1022; x_wconf 76' lang='lat' dir='ltr'><strong>abstinent,</strong></span> 
     </span>
    </p>
   </div>
   <div class='ocr_carea' id='block_1_11' title="bbox 524 1060 862 1114">
    <p class='ocr_par' dir='ltr' id='par_1_11' title="bbox 524 1060 862 1114">
     <span class='ocr_line' id='line_1_11' title="bbox 524 1060 862 1114; baseline -0.006 -1"><span class='ocrx_word' id='word_1_61' title='bbox 524 1060 669 1114; x_wconf 84' lang='lat' dir='ltr'><strong>dicta</strong></span> <span class='ocrx_word' id='word_1_62' title='bbox 709 1067 862 1113; x_wconf 86' lang='lat' dir='ltr'><strong>sunt.</strong></span> 
     </span>
    </p>
   </div>
   <div class='ocr_carea' id='block_1_12' title="bbox 598 1231 2106 1306">
    <p class='ocr_par' dir='ltr' id='par_1_12' title="bbox 598 1231 2106 1306">
     <span class='ocr_line' id='line_1_12' title="bbox 598 1231 2106 1306; baseline -0.005 -12"><span class='ocrx_word' id='word_1_63' title='bbox 598 1238 686 1295; x_wconf 82' lang='lat' dir='ltr'><strong>l9.</strong></span> <span class='ocrx_word' id='word_1_64' title='bbox 721 1237 895 1293; x_wconf 65' lang='lat' dir='ltr'><strong>Vobis</strong></span> <span class='ocrx_word' id='word_1_65' title='bbox 927 1249 1150 1306; x_wconf 83' lang='lat' dir='ltr'><strong>quoque</strong></span> <span class='ocrx_word' id='word_1_66' title='bbox 1174 1244 1371 1289; x_wconf 89' lang='lat' dir='ltr'><strong>auctor</strong></span> <span class='ocrx_word' id='word_1_67' title='bbox 1401 1247 1548 1298; x_wconf 84' lang='lat' dir='ltr'><strong>sum,</strong></span> <span class='ocrx_word' id='word_1_68' title='bbox 1578 1247 1611 1285; x_wconf 90' lang='grc' dir='ltr'><strong>ο</strong></span> <span class='ocrx_word' id='word_1_69' title='bbox 1641 1231 1832 1287; x_wconf 74' lang='lat' dir='ltr'><strong>altaris</strong></span> <span class='ocrx_word' id='word_1_70' title='bbox 1863 1231 2106 1287; x_wconf 76' lang='lat' dir='ltr'><strong>ministri</strong></span> 
     </span>
    </p>
   </div>
   <div class='ocr_carea' id='block_1_13' title="bbox 459 1318 2110 1398">
    <p class='ocr_par' dir='ltr' id='par_1_13' title="bbox 459 1318 2110 1398">
     <span class='ocr_line' id='line_1_13' title="bbox 459 1318 2110 1398; baseline -0.007 -11"><span class='ocrx_word' id='word_1_71' title='bbox 459 1318 464 1328; x_wconf 68' lang='grc'><em>’</em></span> <span class='ocrx_word' id='word_1_72' title='bbox 523 1339 678 1395; x_wconf 79' lang='lat' dir='ltr'><strong>tuam</strong></span> <span class='ocrx_word' id='word_1_73' title='bbox 713 1347 815 1386; x_wconf 84' lang='lat' dir='ltr'><strong>vos</strong></span> <span class='ocrx_word' id='word_1_74' title='bbox 845 1332 1012 1386; x_wconf 89' lang='lat' dir='ltr'><strong>etiam</strong></span> <span class='ocrx_word' id='word_1_75' title='bbox 1043 1328 1251 1398; x_wconf 84' lang='lat' dir='ltr'><strong>alloqui</strong></span> <span class='ocrx_word' id='word_1_76' title='bbox 1281 1341 1510 1381; x_wconf 86' lang='lat' dir='ltr'><strong>necesse</strong></span> <span class='ocrx_word' id='word_1_77' title='bbox 1527 1324 1659 1392; x_wconf 85' lang='lat' dir='ltr'><strong>est),</strong></span> <span class='ocrx_word' id='word_1_78' title='bbox 1688 1339 1759 1379; x_wconf 89' lang='lat' dir='ltr'><strong>ne</strong></span> <span class='ocrx_word' id='word_1_79' title='bbox 1783 1324 2110 1378; x_wconf 81' lang='lat' dir='ltr'><strong>indiﬂ‘eren-</strong></span> 
     </span>
    </p>
   </div>
   <div class='ocr_carea' id='block_1_14' title="bbox 525 1417 2106 1495">
    <p class='ocr_par' dir='ltr' id='par_1_14' title="bbox 525 1417 2106 1495">
     <span class='ocr_line' id='line_1_14' title="bbox 525 1417 2106 1495; baseline -0.006 -15"><span class='ocrx_word' id='word_1_80' title='bbox 525 1437 611 1480; x_wconf 82' lang='lat' dir='ltr'><strong>ter</strong></span> <span class='ocrx_word' id='word_1_81' title='bbox 644 1434 703 1481; x_wconf 91' lang='lat' dir='ltr'><strong>et</strong></span> <span class='ocrx_word' id='word_1_82' title='bbox 735 1422 1267 1495; x_wconf 85' lang='lat' dir='ltr'><strong>quomodocnnque,</strong></span> <span class='ocrx_word' id='word_1_83' title='bbox 1297 1419 1391 1473; x_wconf 62' lang='lat' dir='ltr'><strong>si-d</strong></span> <span class='ocrx_word' id='word_1_84' title='bbox 1429 1420 1598 1473; x_wconf 88' lang='lat' dir='ltr'><strong>multa</strong></span> <span class='ocrx_word' id='word_1_85' title='bbox 1631 1433 1755 1472; x_wconf 92' lang='lat' dir='ltr'><strong>cum</strong></span> <span class='ocrx_word' id='word_1_86' title='bbox 1788 1417 2106 1483; x_wconf 88' lang='lat' dir='ltr'><strong>sedulitate,</strong></span> 
     </span>
    </p>
   </div>
   <div class='ocr_carea' id='block_1_15' title="bbox 524 1510 2106 1588">
    <p class='ocr_par' dir='ltr' id='par_1_15' title="bbox 524 1510 2106 1588">
     <span class='ocr_line' id='line_1_15' title="bbox 524 1510 2106 1588; baseline -0.008 -14"><span class='ocrx_word' id='word_1_87' title='bbox 524 1519 815 1588; x_wconf 88' lang='lat' dir='ltr'><strong>multaque</strong></span> <span class='ocrx_word' id='word_1_88' title='bbox 869 1513 1320 1570; x_wconf 79' lang='lat' dir='ltr'><strong>consideratione</strong></span> <span class='ocrx_word' id='word_1_89' title='bbox 1364 1511 1482 1565; x_wconf 56' lang='lat' dir='ltr'><strong>ha&#39;c</strong></span> <span class='ocrx_word' id='word_1_90' title='bbox 1535 1512 1679 1564; x_wconf 90' lang='lat' dir='ltr'><strong>dona</strong></span> <span class='ocrx_word' id='word_1_91' title='bbox 1735 1510 2106 1564; x_wconf 78' lang='lat' dir='ltr'><strong>distribuatis.</strong></span> 
     </span>
    </p>
   </div>
   <div class='ocr_carea' id='block_1_16' title="bbox 525 1603 2110 1680">
    <p class='ocr_par' dir='ltr' id='par_1_16' title="bbox 525 1603 2110 1680">
     <span class='ocr_line' id='line_1_16' title="bbox 525 1603 2110 1680; baseline -0.007 -13"><span class='ocrx_word' id='word_1_92' title='bbox 525 1613 717 1680; x_wconf 80' lang='lat' dir='ltr'><strong>Neque</strong></span> <span class='ocrx_word' id='word_1_93' title='bbox 745 1610 896 1664; x_wconf 85' lang='lat' dir='ltr'><strong>enim</strong></span> <span class='ocrx_word' id='word_1_94' title='bbox 926 1609 1103 1662; x_wconf 86' lang='lat' dir='ltr'><strong>levem</strong></span> <span class='ocrx_word' id='word_1_95' title='bbox 1135 1607 1327 1660; x_wconf 82' lang='lat' dir='ltr'><strong>feretis</strong></span> <span class='ocrx_word' id='word_1_96' title='bbox 1360 1620 1606 1674; x_wconf 85' lang='lat' dir='ltr'><strong>poenam,</strong></span> <span class='ocrx_word' id='word_1_97' title='bbox 1639 1606 1684 1657; x_wconf 84' lang='lat' dir='ltr'><strong>si</strong></span> <span class='ocrx_word' id='word_1_98' title='bbox 1722 1617 1845 1656; x_wconf 91' lang='lat' dir='ltr'><strong>cum</strong></span> <span class='ocrx_word' id='word_1_99' title='bbox 1873 1603 2110 1672; x_wconf 84' lang='lat' dir='ltr'><strong>alicujus</strong></span> 
     </span>
    </p>
   </div>
   <div class='ocr_carea' id='block_1_17' title="bbox 523 1695 2110 1773">
    <p class='ocr_par' dir='ltr' id='par_1_17' title="bbox 523 1695 2110 1773">
     <span class='ocr_line' id='line_1_17' title="bbox 523 1695 2110 1773; baseline -0.006 -16"><span class='ocrx_word' id='word_1_100' title='bbox 523 1702 940 1773; x_wconf 79' lang='lat' dir='ltr'><strong>improbitatem</strong></span> <span class='ocrx_word' id='word_1_101' title='bbox 1009 1698 1315 1758; x_wconf 82' lang='lat' dir='ltr'><strong>noveritis,</strong></span> <span class='ocrx_word' id='word_1_102' title='bbox 1378 1711 1506 1751; x_wconf 93' lang='lat' dir='ltr'><strong>eum</strong></span> <span class='ocrx_word' id='word_1_103' title='bbox 1569 1695 1903 1764; x_wconf 83' lang='lat' dir='ltr'><strong>participare</strong></span> <span class='ocrx_word' id='word_1_104' title='bbox 1963 1695 2110 1748; x_wconf 87' lang='lat' dir='ltr'><strong>hanc</strong></span> 
     </span>
    </p>
   </div>
   <div class='ocr_carea' id='block_1_18' title="bbox 462 1787 2109 1862">
    <p class='ocr_par' dir='ltr' id='par_1_18' title="bbox 462 1787 2109 1862">
     <span class='ocr_line' id='line_1_18' title="bbox 462 1787 2109 1862; baseline -0.005 -14"><span class='ocrx_word' id='word_1_105' title='bbox 462 1816 467 1822; x_wconf 92' lang='grc'>·</span> <span class='ocrx_word' id='word_1_106' title='bbox 526 1810 771 1848; x_wconf 87' lang='lat' dir='ltr'><strong>mensam</strong></span> <span class='ocrx_word' id='word_1_107' title='bbox 830 1791 1184 1862; x_wconf 70' lang='lat' dir='ltr'><strong>permittatis.</strong></span> <span class='ocrx_word' id='word_1_108' title='bbox 1251 1788 1487 1859; x_wconf 76' lang='lat' dir='ltr'><strong>Sanguis</strong></span> <span class='ocrx_word' id='word_1_109' title='bbox 1555 1789 1672 1857; x_wconf 82' lang='lat' dir='ltr'><strong>ejus</strong></span> <span class='ocrx_word' id='word_1_110' title='bbox 1724 1787 1791 1840; x_wconf 88' lang='lat' dir='ltr'><strong>de</strong></span> <span class='ocrx_word' id='word_1_111' title='bbox 1851 1787 2109 1840; x_wconf 86' lang='lat' dir='ltr'><strong>manibus</strong></span> 
     </span>
    </p>
   </div>
   <div class='ocr_carea' id='block_1_19' title="bbox 519 1877 2106 1954">
    <p class='ocr_par' dir='ltr' id='par_1_19' title="bbox 519 1877 2106 1954">
     <span class='ocr_line' id='line_1_19' title="bbox 519 1877 2106 1954; baseline -0.006 -13"><span class='ocrx_word' id='word_1_112' title='bbox 519 1888 725 1941; x_wconf 76' lang='lat' dir='ltr'><strong>vestris</strong></span> <span class='ocrx_word' id='word_1_113' title='bbox 756 1887 1098 1954; x_wconf 86' lang='lat' dir='ltr'><strong>requiretur.</strong></span> <span class='ocrx_word' id='word_1_114' title='bbox 1141 1880 1376 1936; x_wconf 85' lang='lat' dir='ltr'><strong>Etiamsi</strong></span> <span class='ocrx_word' id='word_1_115' title='bbox 1413 1880 1616 1949; x_wconf 84' lang='lat' dir='ltr'><strong>aliquis</strong></span> <span class='ocrx_word' id='word_1_116' title='bbox 1651 1879 1758 1932; x_wconf 81' lang='lat' dir='ltr'><strong>dux</strong></span> <span class='ocrx_word' id='word_1_117' title='bbox 1795 1877 1984 1942; x_wconf 81' lang='lat' dir='ltr'><strong>fuerit,</strong></span> <span class='ocrx_word' id='word_1_118' title='bbox 2021 1879 2106 1931; x_wconf 78' lang='lat' dir='ltr'><strong>vel</strong></span> 
     </span>
    </p>
   </div>
   <div class='ocr_carea' id='block_1_20' title="bbox 526 1969 2105 2044">
    <p class='ocr_par' dir='ltr' id='par_1_20' title="bbox 526 1969 2105 2044">
     <span class='ocr_line' id='line_1_20' title="bbox 526 1969 2105 2044; baseline -0.002 -17"><span class='ocrx_word' id='word_1_119' title='bbox 526 1987 748 2042; x_wconf 45' lang='lat' dir='ltr'><strong>praetor,</strong></span> <span class='ocrx_word' id='word_1_120' title='bbox 787 1977 873 2030; x_wconf 79' lang='lat' dir='ltr'><strong>vel</strong></span> <span class='ocrx_word' id='word_1_121' title='bbox 912 1976 1050 2029; x_wconf 87' lang='lat' dir='ltr'><strong>adeo</strong></span> <span class='ocrx_word' id='word_1_122' title='bbox 1085 1976 1202 2044; x_wconf 92' lang='lat' dir='ltr'><strong>ipse</strong></span> <span class='ocrx_word' id='word_1_123' title='bbox 1237 1973 1331 2043; x_wconf 83' lang='lat' dir='ltr'><strong>qui</strong></span> <span class='ocrx_word' id='word_1_124' title='bbox 1367 1972 1680 2026; x_wconf 79' lang='lat' dir='ltr'><strong>diademate</strong></span> <span class='ocrx_word' id='word_1_125' title='bbox 1711 1971 2028 2032; x_wconf 82' lang='lat' dir='ltr'><strong>redimitur,</strong></span> <span class='ocrx_word' id='word_1_126' title='bbox 2061 1969 2105 2024; x_wconf 81' lang='lat' dir='ltr'><strong>si</strong></span> 
     </span>
    </p>
   </div>
   <div class='ocr_carea' id='block_1_21' title="bbox 523 2062 2108 2140">
    <p class='ocr_par' dir='ltr' id='par_1_21' title="bbox 523 2062 2108 2140">
     <span class='ocr_line' id='line_1_21' title="bbox 523 2062 2108 2140; baseline -0.006 -16"><span class='ocrx_word' id='word_1_127' title='bbox 523 2070 747 2140; x_wconf 83' lang='lat' dir='ltr'><strong>indigne</strong></span> <span class='ocrx_word' id='word_1_128' title='bbox 781 2068 1030 2126; x_wconf 87' lang='lat' dir='ltr'><strong>accedat,</strong></span> <span class='ocrx_word' id='word_1_129' title='bbox 1059 2066 1332 2133; x_wconf 83' lang='lat' dir='ltr'><strong>prohibe;</strong></span> <span class='ocrx_word' id='word_1_130' title='bbox 1388 2081 1514 2118; x_wconf 87' lang='lat' dir='ltr'><strong>nam</strong></span> <span class='ocrx_word' id='word_1_131' title='bbox 1546 2065 1752 2135; x_wconf 87' lang='lat' dir='ltr'><strong>majore</strong></span> <span class='ocrx_word' id='word_1_132' title='bbox 1790 2079 1955 2132; x_wconf 85' lang='lat' dir='ltr'><strong>quam</strong></span> <span class='ocrx_word' id='word_1_133' title='bbox 2016 2062 2108 2114; x_wconf 87' lang='lat' dir='ltr'><strong>ille</strong></span> 
     </span>
    </p>
   </div>
   <div class='ocr_carea' id='block_1_22' title="bbox 526 2154 2108 2232">
    <p class='ocr_par' dir='ltr' id='par_1_22' title="bbox 526 2154 2108 2232">
     <span class='ocr_line' id='line_1_22' title="bbox 526 2154 2108 2232; baseline -0.003 -18"><span class='ocrx_word' id='word_1_134' title='bbox 526 2169 803 2232; x_wconf 84' lang='lat' dir='ltr'><strong>potestate</strong></span> <span class='ocrx_word' id='word_1_135' title='bbox 857 2159 1052 2226; x_wconf 85' lang='lat' dir='ltr'><strong>polles.</strong></span> <span class='ocrx_word' id='word_1_136' title='bbox 1091 2156 1172 2210; x_wconf 88' lang='lat' dir='ltr'><strong>Tu</strong></span> <span class='ocrx_word' id='word_1_137' title='bbox 1222 2165 1374 2210; x_wconf 82' lang='lat' dir='ltr'><strong>certe</strong></span> <span class='ocrx_word' id='word_1_138' title='bbox 1428 2156 1470 2209; x_wconf 92' lang='lat' dir='ltr'><strong>si</strong></span> <span class='ocrx_word' id='word_1_139' title='bbox 1523 2171 1678 2223; x_wconf 70' lang='lat' dir='ltr'><strong>aquae</strong></span> <span class='ocrx_word' id='word_1_140' title='bbox 1718 2154 1924 2208; x_wconf 76' lang='lat' dir='ltr'><strong>{utilem</strong></span> <span class='ocrx_word' id='word_1_141' title='bbox 1957 2155 2108 2224; x_wconf 81' lang='lat' dir='ltr'><strong>gregi</strong></span> 
     </span>
    </p>
   </div>
   <div class='ocr_carea' id='block_1_23' title="bbox 524 2244 2112 2321">
    <p class='ocr_par' dir='ltr' id='par_1_23' title="bbox 524 2244 2112 2321">
     <span class='ocr_line' id='line_1_23' title="bbox 524 2244 2112 2321; baseline -0.003 -18"><span class='ocrx_word' id='word_1_142' title='bbox 524 2266 725 2321; x_wconf 87' lang='lat' dir='ltr'><strong>purum</strong></span> <span class='ocrx_word' id='word_1_143' title='bbox 780 2249 1113 2303; x_wconf 84' lang='lat' dir='ltr'><strong>servandum</strong></span> <span class='ocrx_word' id='word_1_144' title='bbox 1163 2247 1505 2314; x_wconf 85' lang='lat' dir='ltr'><strong>accepisses.</strong></span> <span class='ocrx_word' id='word_1_145' title='bbox 1559 2244 1603 2298; x_wconf 88' lang='lat' dir='ltr'><strong>si</strong></span> <span class='ocrx_word' id='word_1_146' title='bbox 1658 2259 1816 2298; x_wconf 88' lang='lat' dir='ltr'><strong>ovem</strong></span> <span class='ocrx_word' id='word_1_147' title='bbox 1852 2259 2112 2299; x_wconf 83' lang='lat' dir='ltr'><strong>cerneres</strong></span> 
     </span>
    </p>
   </div>
   <div class='ocr_carea' id='block_1_24' title="bbox 528 2337 2111 2404">
    <p class='ocr_par' dir='ltr' id='par_1_24' title="bbox 528 2337 2111 2404">
     <span class='ocr_line' id='line_1_24' title="bbox 528 2337 2111 2404; baseline -0.004 -9"><span class='ocrx_word' id='word_1_148' title='bbox 528 2343 760 2396; x_wconf 88' lang='lat' dir='ltr'><strong>tnnltum</strong></span> <span class='ocrx_word' id='word_1_149' title='bbox 798 2356 894 2393; x_wconf 87' lang='lat' dir='ltr'><strong>ore</strong></span> <span class='ocrx_word' id='word_1_150' title='bbox 924 2354 1024 2393; x_wconf 89' lang='lat' dir='ltr'><strong>suo</strong></span> <span class='ocrx_word' id='word_1_151' title='bbox 1053 2339 1236 2391; x_wconf 90' lang='lat' dir='ltr'><strong>lutum</strong></span> <span class='ocrx_word' id='word_1_152' title='bbox 1271 2337 1622 2399; x_wconf 70' lang='lat' dir='ltr'><strong>allerentem,</strong></span> <span class='ocrx_word' id='word_1_153' title='bbox 1673 2337 1818 2388; x_wconf 85' lang='lat' dir='ltr'><strong>haud</strong></span> <span class='ocrx_word' id='word_1_154' title='bbox 1864 2337 2111 2404; x_wconf 81' lang='lat' dir='ltr'><strong>profecto</strong></span> 
     </span>
    </p>
   </div>
   <div class='ocr_carea' id='block_1_25' title="bbox 531 2428 2111 2496">
    <p class='ocr_par' dir='ltr' id='par_1_25' title="bbox 531 2428 2111 2496">
     <span class='ocr_line' id='line_1_25' title="bbox 531 2428 2111 2496; baseline -0.003 -9"><span class='ocrx_word' id='word_1_155' title='bbox 531 2435 745 2488; x_wconf 80' lang='lat' dir='ltr'><strong>sineres</strong></span> <span class='ocrx_word' id='word_1_156' title='bbox 799 2433 932 2486; x_wconf 89' lang='lat' dir='ltr'><strong>illuc</strong></span> <span class='ocrx_word' id='word_1_157' title='bbox 973 2431 1336 2495; x_wconf 85' lang='lat' dir='ltr'><strong>descendere,</strong></span> <span class='ocrx_word' id='word_1_158' title='bbox 1371 2439 1427 2483; x_wconf 89' lang='lat' dir='ltr'><strong>et</strong></span> <span class='ocrx_word' id='word_1_159' title='bbox 1472 2429 1741 2482; x_wconf 82' lang='lat' dir='ltr'><strong>ﬂuentum</strong></span> <span class='ocrx_word' id='word_1_160' title='bbox 1796 2428 2111 2496; x_wconf 81' lang='lat' dir='ltr'><strong>inquinare.</strong></span> 
     </span>
    </p>
   </div>
   <div class='ocr_carea' id='block_1_26' title="bbox 528 2518 2115 2589">
    <p class='ocr_par' dir='ltr' id='par_1_26' title="bbox 528 2518 2115 2589">
     <span class='ocr_line' id='line_1_26' title="bbox 528 2518 2115 2589; baseline -0.004 -9"><span class='ocrx_word' id='word_1_161' title='bbox 528 2525 692 2580; x_wconf 82' lang='lat' dir='ltr'><strong>Nune</strong></span> <span class='ocrx_word' id='word_1_162' title='bbox 739 2538 873 2575; x_wconf 85' lang='lat' dir='ltr'><strong>vero</strong></span> <span class='ocrx_word' id='word_1_163' title='bbox 919 2536 1045 2574; x_wconf 80' lang='lat' dir='ltr'><strong>cum</strong></span> <span class='ocrx_word' id='word_1_164' title='bbox 1109 2535 1219 2573; x_wconf 87' lang='lat' dir='ltr'><strong>non</strong></span> <span class='ocrx_word' id='word_1_165' title='bbox 1264 2535 1419 2586; x_wconf 74' lang='lat' dir='ltr'><strong>aqua:</strong></span> <span class='ocrx_word' id='word_1_166' title='bbox 1472 2518 1567 2572; x_wconf 84' lang='lat' dir='ltr'><strong>sed</strong></span> <span class='ocrx_word' id='word_1_167' title='bbox 1621 2519 1910 2589; x_wconf 75' lang='lat' dir='ltr'><strong>sanguinis</strong></span> <span class='ocrx_word' id='word_1_168' title='bbox 1949 2528 2115 2588; x_wconf 87' lang='lat' dir='ltr'><strong>atque</strong></span> 
     </span>
    </p>
   </div>
   <div class='ocr_carea' id='block_1_27' title="bbox 529 2612 2114 2687">
    <p class='ocr_par' dir='ltr' id='par_1_27' title="bbox 529 2612 2114 2687">
     <span class='ocr_line' id='line_1_27' title="bbox 529 2612 2114 2687; baseline -0.003 -16"><span class='ocrx_word' id='word_1_169' title='bbox 529 2616 773 2687; x_wconf 88' lang='lat' dir='ltr'><strong>Spiritus</strong></span> <span class='ocrx_word' id='word_1_170' title='bbox 826 2614 950 2669; x_wconf 80' lang='lat' dir='ltr'><strong>fons</strong></span> <span class='ocrx_word' id='word_1_171' title='bbox 1001 2613 1101 2667; x_wconf 86' lang='lat' dir='ltr'><strong>tibi</strong></span> <span class='ocrx_word' id='word_1_172' title='bbox 1161 2612 1564 2666; x_wconf 83' lang='lat' dir='ltr'><strong>custodiendus</strong></span> <span class='ocrx_word' id='word_1_173' title='bbox 1621 2612 1690 2666; x_wconf 88' lang='lat' dir='ltr'><strong>sit</strong></span> <span class='ocrx_word' id='word_1_174' title='bbox 1754 2613 2009 2674; x_wconf 87' lang='lat' dir='ltr'><strong>traditus,</strong></span> <span class='ocrx_word' id='word_1_175' title='bbox 2064 2614 2114 2668; x_wconf 83' lang='lat' dir='ltr'><strong>si</strong></span> 
     </span>
    </p>
   </div>
   <div class='ocr_carea' id='block_1_28' title="bbox 531 2704 2116 2777">
    <p class='ocr_par' dir='ltr' id='par_1_28' title="bbox 531 2704 2116 2777">
     <span class='ocr_line' id='line_1_28' title="bbox 531 2704 2116 2777; baseline -0.003 -13"><span class='ocrx_word' id='word_1_176' title='bbox 531 2712 674 2764; x_wconf 75' lang='lat' dir='ltr'><strong>forte</strong></span> <span class='ocrx_word' id='word_1_177' title='bbox 727 2709 918 2762; x_wconf 72' lang='lat' dir='ltr'><strong>videas</strong></span> <span class='ocrx_word' id='word_1_178' title='bbox 961 2708 1119 2777; x_wconf 84' lang='lat' dir='ltr'><strong>pejus</strong></span> <span class='ocrx_word' id='word_1_179' title='bbox 1151 2706 1270 2758; x_wconf 90' lang='lat' dir='ltr'><strong>luto</strong></span> <span class='ocrx_word' id='word_1_180' title='bbox 1305 2715 1591 2774; x_wconf 88' lang='lat' dir='ltr'><strong>peceatum</strong></span> <span class='ocrx_word' id='word_1_181' title='bbox 1628 2704 1903 2759; x_wconf 88' lang='lat' dir='ltr'><strong>haben-tes</strong></span> <span class='ocrx_word' id='word_1_182' title='bbox 1942 2720 2116 2774; x_wconf 86' lang='lat' dir='ltr'><strong>quos-</strong></span> 
     </span>
    </p>
   </div>
   <div class='ocr_carea' id='block_1_29' title="bbox 529 2795 2115 2868">
    <p class='ocr_par' dir='ltr' id='par_1_29' title="bbox 529 2795 2115 2868">
     <span class='ocr_line' id='line_1_29' title="bbox 529 2795 2115 2868; baseline -0.003 -14"><span class='ocrx_word' id='word_1_183' title='bbox 529 2803 680 2866; x_wconf 87' lang='lat' dir='ltr'><strong>dam,</strong></span> <span class='ocrx_word' id='word_1_184' title='bbox 711 2800 989 2868; x_wconf 88' lang='lat' dir='ltr'><strong>simulque</strong></span> <span class='ocrx_word' id='word_1_185' title='bbox 1021 2797 1372 2861; x_wconf 81' lang='lat' dir='ltr'><strong>accedentes,</strong></span> <span class='ocrx_word' id='word_1_186' title='bbox 1409 2811 1521 2849; x_wconf 88' lang='lat' dir='ltr'><strong>non</strong></span> <span class='ocrx_word' id='word_1_187' title='bbox 1555 2795 1888 2865; x_wconf 79' lang='lat' dir='ltr'><strong>indignaris,</strong></span> <span class='ocrx_word' id='word_1_188' title='bbox 1935 2810 2115 2866; x_wconf 87' lang='lat' dir='ltr'><strong>neque</strong></span> 
     </span>
    </p>
   </div>
   <div class='ocr_carea' id='block_1_30' title="bbox 528 2887 2116 2959">
    <p class='ocr_par' dir='ltr' id='par_1_30' title="bbox 528 2887 2116 2959">
     <span class='ocr_line' id='line_1_30' title="bbox 528 2887 2116 2959; baseline -0.003 -13"><span class='ocrx_word' id='word_1_189' title='bbox 528 2891 862 2947; x_wconf 79' lang='lat' dir='ltr'><strong>submoves?</strong></span> <span class='ocrx_word' id='word_1_190' title='bbox 895 2891 1066 2956; x_wconf 78' lang='lat' dir='ltr'><strong>Quam</strong></span> <span class='ocrx_word' id='word_1_191' title='bbox 1117 2905 1250 2959; x_wconf 83' lang='lat' dir='ltr'><strong>ergo</strong></span> <span class='ocrx_word' id='word_1_192' title='bbox 1311 2888 1528 2942; x_wconf 78' lang='lat' dir='ltr'><strong>veniam</strong></span> <span class='ocrx_word' id='word_1_193' title='bbox 1579 2887 1948 2956; x_wconf 88' lang='lat' dir='ltr'><strong>impetrabis?</strong></span> <span class='ocrx_word' id='word_1_194' title='bbox 1985 2889 2116 2942; x_wconf 82' lang='lat' dir='ltr'><strong>Ideo</strong></span> 
     </span>
    </p>
   </div>
   <div class='ocr_carea' id='block_1_31' title="bbox 534 2979 2119 3045">
    <p class='ocr_par' dir='ltr' id='par_1_31' title="bbox 534 2979 2119 3045">
     <span class='ocr_line' id='line_1_31' title="bbox 534 2979 2119 3045; baseline -0.003 -8"><span class='ocrx_word' id='word_1_195' title='bbox 534 2985 696 3039; x_wconf 84' lang='lat' dir='ltr'><strong>vobis</strong></span> <span class='ocrx_word' id='word_1_196' title='bbox 735 2985 884 3039; x_wconf 85' lang='lat' dir='ltr'><strong>hunc</strong></span> <span class='ocrx_word' id='word_1_197' title='bbox 938 2983 1085 3036; x_wconf 84' lang='lat' dir='ltr'><strong>Deus</strong></span> <span class='ocrx_word' id='word_1_198' title='bbox 1134 2983 1408 3036; x_wconf 78' lang='lat' dir='ltr'><strong>honorem</strong></span> <span class='ocrx_word' id='word_1_199' title='bbox 1459 2979 1716 3045; x_wconf 84' lang='lat' dir='ltr'><strong>contulit,</strong></span> <span class='ocrx_word' id='word_1_200' title='bbox 1749 2989 1811 3034; x_wconf 90' lang='lat' dir='ltr'><strong>ut</strong></span> <span class='ocrx_word' id='word_1_201' title='bbox 1867 2995 1982 3034; x_wconf 91' lang='lat' dir='ltr'><strong>rem</strong></span> <span class='ocrx_word' id='word_1_202' title='bbox 2019 2980 2119 3034; x_wconf 75' lang='lat' dir='ltr'><strong>hu-</strong></span> 
     </span>
    </p>
   </div>
   <div class='ocr_carea' id='block_1_32' title="bbox 527 3071 2115 3147">
    <p class='ocr_par' dir='ltr' id='par_1_32' title="bbox 527 3071 2115 3147">
     <span class='ocr_line' id='line_1_32' title="bbox 527 3071 2115 3147; baseline -0.003 -17"><span class='ocrx_word' id='word_1_203' title='bbox 527 3078 774 3147; x_wconf 90' lang='lat' dir='ltr'><strong>jusmodi</strong></span> <span class='ocrx_word' id='word_1_204' title='bbox 843 3075 1185 3147; x_wconf 87' lang='lat' dir='ltr'><strong>dijudicetis.</strong></span> <span class='ocrx_word' id='word_1_205' title='bbox 1243 3075 1370 3128; x_wconf 83' lang='lat' dir='ltr'><strong>l-l:ec</strong></span> <span class='ocrx_word' id='word_1_206' title='bbox 1433 3081 1519 3127; x_wconf 90' lang='lat' dir='ltr'><strong>est</strong></span> <span class='ocrx_word' id='word_1_207' title='bbox 1579 3081 1760 3126; x_wconf 88' lang='lat' dir='ltr'><strong>vestra</strong></span> <span class='ocrx_word' id='word_1_208' title='bbox 1824 3071 2115 3141; x_wconf 81' lang='lat' dir='ltr'><strong>dignitas,</strong></span> 
     </span>
    </p>
   </div>
   <div class='ocr_carea' id='block_1_33' title="bbox 2211 581 3785 658">
    <p class='ocr_par' dir='ltr' id='par_1_33' title="bbox 2211 581 3785 658">
     <span class='ocr_line' id='line_1_33' title="bbox 2211 581 3785 658; baseline 0.003 -19"><span class='ocrx_word' id='word_1_209' title='bbox 2211 588 2420 655; x_wconf 83' lang='grc' dir='ltr'>ταύτης</span> <span class='ocrx_word' id='word_1_210' title='bbox 2447 589 2548 657; x_wconf 85' lang='grc' dir='ltr'>τῆς</span> <span class='ocrx_word' id='word_1_211' title='bbox 2574 588 2802 657; x_wconf 76' lang='grc' dir='ltr'>τροφῆς.</span> <span class='ocrx_word' id='word_1_212' title='bbox 2835 581 3041 655; x_wconf 78' lang='grc' dir='ltr'><strong>Μηδεὶς</strong></span> <span class='ocrx_word' id='word_1_213' title='bbox 3075 586 3254 638; x_wconf 78' lang='grc' dir='ltr'><strong>τοίνυν</strong></span> <span class='ocrx_word' id='word_1_214' title='bbox 3288 584 3488 650; x_wconf 82' lang='grc' dir='ltr'>Ἰούδας</span> <span class='ocrx_word' id='word_1_215' title='bbox 3514 591 3785 658; x_wconf 72' lang='grc' dir='ltr'>παρέστω,</span> 
     </span>
    </p>
   </div>
   <div class='ocr_carea' id='block_1_34' title="bbox 2174 678 3786 749">
    <p class='ocr_par' dir='ltr' id='par_1_34' title="bbox 2174 678 3786 749">
     <span class='ocr_line' id='line_1_34' title="bbox 2174 678 3786 749; baseline 0.001 -18"><span class='ocrx_word' id='word_1_216' title='bbox 2174 678 2406 749; x_wconf 47' lang='grc' dir='ltr'>“μηδεὶ;</span> <span class='ocrx_word' id='word_1_217' title='bbox 2460 680 2840 749; x_wconf 75' lang='grc' dir='ltr'>φυλάργυρος,</span> <span class='ocrx_word' id='word_1_218' title='bbox 2900 679 3092 748; x_wconf 73' lang='grc' dir='ltr'>μηδεὶς</span> <span class='ocrx_word' id='word_1_219' title='bbox 3152 679 3545 746; x_wconf 76' lang='grc' dir='ltr'>ἀπάνθρωπος,</span> <span class='ocrx_word' id='word_1_220' title='bbox 3607 683 3786 749; x_wconf 73' lang='grc' dir='ltr'>μηδεὶς</span> 
     </span>
    </p>
   </div>
   <div class='ocr_carea' id='block_1_35' title="bbox 2209 772 3787 843">
    <p class='ocr_par' dir='ltr' id='par_1_35' title="bbox 2209 772 3787 843">
     <span class='ocr_line' id='line_1_35' title="bbox 2209 772 3787 843; baseline 0.001 -17"><span class='ocrx_word' id='word_1_221' title='bbox 2209 773 2360 843; x_wconf 72' lang='grc' dir='ltr'>ὠμὸς</span> <span class='ocrx_word' id='word_1_222' title='bbox 2385 773 2480 826; x_wconf 72' lang='grc' dir='ltr'>καὶ</span> <span class='ocrx_word' id='word_1_223' title='bbox 2509 773 2766 843; x_wconf 81' lang='grc' dir='ltr'>ἁνηλεὴς,</span> <span class='ocrx_word' id='word_1_224' title='bbox 2824 772 3014 843; x_wconf 67' lang='grc' dir='ltr'>μηδεὶς</span> <span class='ocrx_word' id='word_1_225' title='bbox 3060 773 3199 830; x_wconf 77' lang='grc' dir='ltr'>ὅλως</span> <span class='ocrx_word' id='word_1_226' title='bbox 3250 774 3582 841; x_wconf 74' lang='grc' dir='ltr'>ἀκάθαρτος.</span> <span class='ocrx_word' id='word_1_227' title='bbox 3619 775 3683 826; x_wconf 77' lang='lat' dir='ltr'><strong>El’</strong></span> <span class='ocrx_word' id='word_1_228' title='bbox 3709 792 3787 838; x_wconf 85' lang='grc' dir='ltr'><strong>τις</strong></span> 
     </span>
    </p>
   </div>
   <div class='ocr_carea' id='block_1_36' title="bbox 2213 863 3788 936">
    <p class='ocr_par' dir='ltr' id='par_1_36' title="bbox 2213 863 3788 936">
     <span class='ocr_line' id='line_1_36' title="bbox 2213 863 3788 936; baseline 0 -18"><span class='ocrx_word' id='word_1_229' title='bbox 2213 864 2488 934; x_wconf 79' lang='grc' dir='ltr'>μαθητὴς,</span> <span class='ocrx_word' id='word_1_230' title='bbox 2524 865 2739 934; x_wconf 77' lang='grc' dir='ltr'><strong>παρίτω</strong></span> <span class='ocrx_word' id='word_1_231' title='bbox 2765 881 2779 896; x_wconf 81' lang='grc' dir='ltr'><strong>ο</strong></span> <span class='ocrx_word' id='word_1_232' title='bbox 2809 864 2872 916; x_wconf 82' lang='grc' dir='ltr'><strong>ού</strong></span> <span class='ocrx_word' id='word_1_233' title='bbox 2905 865 3119 933; x_wconf 81' lang='grc' dir='ltr'>δέχεται</span> <span class='ocrx_word' id='word_1_234' title='bbox 3168 863 3296 928; x_wconf 72' lang='grc' dir='ltr'>τοὺς</span> <span class='ocrx_word' id='word_1_235' title='bbox 3331 863 3406 935; x_wconf 78' lang='grc' dir='ltr'>μὴ</span> <span class='ocrx_word' id='word_1_236' title='bbox 3458 867 3728 927; x_wconf 76' lang='grc' dir='ltr'>τοιούτους</span> <span class='ocrx_word' id='word_1_237' title='bbox 3757 869 3788 936; x_wconf 79' lang='grc' dir='ltr'><strong>ἡ</strong></span> 
     </span>
    </p>
   </div>
   <div class='ocr_carea' id='block_1_37' title="bbox 2206 957 3791 1029">
    <p class='ocr_par' dir='ltr' id='par_1_37' title="bbox 2206 957 3791 1029">
     <span class='ocr_line' id='line_1_37' title="bbox 2206 957 3791 1029; baseline 0.002 -19"><span class='ocrx_word' id='word_1_238' title='bbox 2206 957 2462 1027; x_wconf 75' lang='grc' dir='ltr'>τράπεζα</span> <span class='ocrx_word' id='word_1_239' title='bbox 2482 975 2496 990; x_wconf 77' lang='grc' dir='ltr'><strong>ο</strong></span> <span class='ocrx_word' id='word_1_240' title='bbox 2530 977 2549 1009; x_wconf 84' lang='grc' dir='ltr'><strong>ι</strong></span> <span class='ocrx_word' id='word_1_241' title='bbox 2585 958 2738 1011; x_wconf 80' lang='grc' dir='ltr'>Μετά</span> <span class='ocrx_word' id='word_1_242' title='bbox 2758 960 2867 1027; x_wconf 82' lang='grc' dir='ltr'><strong>γάρ</strong></span> <span class='ocrx_word' id='word_1_243' title='bbox 2889 958 3000 1010; x_wconf 84' lang='grc' dir='ltr'><strong>τῶν</strong></span> <span class='ocrx_word' id='word_1_244' title='bbox 3035 957 3296 1027; x_wconf 80' lang='grc' dir='ltr'>μαθητῶν</span> <span class='ocrx_word' id='word_1_245' title='bbox 3328 977 3454 1028; x_wconf 72' lang='grc' dir='ltr'>μου,</span> <span class='ocrx_word' id='word_1_246' title='bbox 3484 960 3640 1029; x_wconf 67' lang='grc' dir='ltr'>φησὶ,</span> <span class='ocrx_word' id='word_1_247' title='bbox 3663 961 3791 1014; x_wconf 83' lang='grc' dir='ltr'>ποιῶ</span> 
     </span>
    </p>
   </div>
   <div class='ocr_carea' id='block_1_38' title="bbox 2210 1050 3212 1122">
    <p class='ocr_par' dir='ltr' id='par_1_38' title="bbox 2210 1050 3212 1122">
     <span class='ocr_line' id='line_1_38' title="bbox 2210 1050 3212 1122; baseline 0.002 -20"><span class='ocrx_word' id='word_1_248' title='bbox 2210 1050 2274 1102; x_wconf 84' lang='grc' dir='ltr'>τὸ</span> <span class='ocrx_word' id='word_1_249' title='bbox 2341 1051 2555 1119; x_wconf 82' lang='grc' dir='ltr'>Πάσχα.</span> <span class='ocrx_word' id='word_1_250' title='bbox 2596 1067 2615 1102; x_wconf 74' lang='lat' dir='ltr'><strong>t</strong></span> <span class='ocrx_word' id='word_1_251' title='bbox 2651 1050 2842 1104; x_wconf 77' lang='grc' dir='ltr'>Ταῦτα</span> <span class='ocrx_word' id='word_1_252' title='bbox 2902 1050 3042 1122; x_wconf 83' lang='grc' dir='ltr'>πρὸς</span> <span class='ocrx_word' id='word_1_253' title='bbox 3083 1050 3212 1114; x_wconf 83' lang='grc' dir='ltr'>τοὺς</span> 
     </span>
    </p>
   </div>
   <div class='ocr_carea' id='block_1_39' title="bbox 2211 1141 2489 1212">
    <p class='ocr_par' dir='ltr' id='par_1_39' title="bbox 2211 1141 2489 1212">
     <span class='ocr_line' id='line_1_39' title="bbox 2211 1141 2489 1212; baseline 0.007 -18"><span class='ocrx_word' id='word_1_254' title='bbox 2211 1141 2358 1211; x_wconf 83' lang='grc' dir='ltr'>λέγω</span> <span class='ocrx_word' id='word_1_255' title='bbox 2387 1141 2489 1212; x_wconf 79' lang='grc' dir='ltr'>(ι).</span> 
     </span>
    </p>
   </div>
   <div class='ocr_carea' id='block_1_40' title="bbox 2283 1232 3790 1306">
    <p class='ocr_par' dir='ltr' id='par_1_40' title="bbox 2283 1232 3790 1306">
     <span class='ocr_line' id='line_1_40' title="bbox 2283 1232 3790 1306; baseline 0.001 -17"><span class='ocrx_word' id='word_1_256' title='bbox 2283 1232 2374 1290; x_wconf 77' lang='grc' dir='ltr'>ιθ⁹.</span> <span class='ocrx_word' id='word_1_257' title='bbox 2409 1237 2483 1288; x_wconf 90' lang='grc' dir='ltr'><strong>Συ</strong></span> <span class='ocrx_word' id='word_1_258' title='bbox 2495 1234 2779 1304; x_wconf 76' lang='grc' dir='ltr'>μϐουλεύω</span> <span class='ocrx_word' id='word_1_259' title='bbox 2803 1234 2862 1288; x_wconf 72' lang='grc' dir='ltr'>δὲ</span> <span class='ocrx_word' id='word_1_260' title='bbox 2894 1233 2992 1288; x_wconf 69' lang='grc' dir='ltr'>καὶ</span> <span class='ocrx_word' id='word_1_261' title='bbox 3021 1234 3154 1303; x_wconf 77' lang='grc' dir='ltr'>ὑμῖν</span> <span class='ocrx_word' id='word_1_262' title='bbox 3188 1236 3303 1296; x_wconf 83' lang='grc' dir='ltr'>τοῖς</span> <span class='ocrx_word' id='word_1_263' title='bbox 3357 1235 3790 1306; x_wconf 76' lang='grc' dir='ltr'><strong>διακονουμένοις</strong></span> 
     </span>
    </p>
   </div>
   <div class='ocr_carea' id='block_1_41' title="bbox 2213 1328 3784 1402">
    <p class='ocr_par' dir='ltr' id='par_1_41' title="bbox 2213 1328 3784 1402">
     <span class='ocr_line' id='line_1_41' title="bbox 2213 1328 3784 1402; baseline 0 -20"><span class='ocrx_word' id='word_1_264' title='bbox 2213 1328 2334 1400; x_wconf 78' lang='grc' dir='ltr'>(καὶ</span> <span class='ocrx_word' id='word_1_265' title='bbox 2351 1329 2464 1398; x_wconf 68' lang='grc' dir='ltr'><strong>γὰρ</strong></span> <span class='ocrx_word' id='word_1_266' title='bbox 2494 1330 2794 1398; x_wconf 83' lang='grc' dir='ltr'>ἀναγκαῖον</span> <span class='ocrx_word' id='word_1_267' title='bbox 2819 1329 2913 1382; x_wconf 78' lang='grc' dir='ltr'>καὶ</span> <span class='ocrx_word' id='word_1_268' title='bbox 2943 1330 3082 1398; x_wconf 63' lang='grc' dir='ltr'>πρὸς</span> <span class='ocrx_word' id='word_1_269' title='bbox 3105 1329 3250 1399; x_wconf 75' lang='grc' dir='ltr'>ὑμᾶς</span> <span class='ocrx_word' id='word_1_270' title='bbox 3280 1329 3684 1400; x_wconf 83' lang='grc' dir='ltr'>διαλεχθῆναι),</span> <span class='ocrx_word' id='word_1_271' title='bbox 3716 1330 3784 1402; x_wconf 85' lang='grc' dir='ltr'><strong>μὴ</strong></span> 
     </span>
    </p>
   </div>
   <div class='ocr_carea' id='block_1_42' title="bbox 2214 1419 3789 1492">
    <p class='ocr_par' dir='ltr' id='par_1_42' title="bbox 2214 1419 3789 1492">
     <span class='ocr_line' id='line_1_42' title="bbox 2214 1419 3789 1492; baseline 0 -19"><span class='ocrx_word' id='word_1_272' title='bbox 2214 1419 2404 1481; x_wconf 84' lang='grc' dir='ltr'>ἁπλῶς</span> <span class='ocrx_word' id='word_1_273' title='bbox 2437 1420 2533 1474; x_wconf 74' lang='grc' dir='ltr'><strong>καὶ</strong></span> <span class='ocrx_word' id='word_1_274' title='bbox 2573 1419 2648 1478; x_wconf 84' lang='grc' dir='ltr'>ὼς</span> <span class='ocrx_word' id='word_1_275' title='bbox 2679 1420 2891 1489; x_wconf 75' lang='grc' dir='ltr'>ἔτυχεν,</span> <span class='ocrx_word' id='word_1_276' title='bbox 2924 1419 3060 1472; x_wconf 83' lang='grc' dir='ltr'>ἀλλὰ</span> <span class='ocrx_word' id='word_1_277' title='bbox 3097 1423 3236 1490; x_wconf 77' lang='grc' dir='ltr'>μετὰ</span> <span class='ocrx_word' id='word_1_278' title='bbox 3270 1421 3473 1490; x_wconf 74' lang='grc' dir='ltr'>πολλῆς</span> <span class='ocrx_word' id='word_1_279' title='bbox 3502 1421 3789 1492; x_wconf 75' lang='grc' dir='ltr'>προσοχῆς,</span> 
     </span>
    </p>
   </div>
   <div class='ocr_carea' id='block_1_43' title="bbox 2215 1511 3784 1582">
    <p class='ocr_par' dir='ltr' id='par_1_43' title="bbox 2215 1511 3784 1582">
     <span class='ocr_line' id='line_1_43' title="bbox 2215 1511 3784 1582; baseline 0.001 -18"><span class='ocrx_word' id='word_1_280' title='bbox 2215 1512 2355 1582; x_wconf 80' lang='grc' dir='ltr'><strong>μετά</strong></span> <span class='ocrx_word' id='word_1_281' title='bbox 2387 1511 2592 1582; x_wconf 81' lang='grc' dir='ltr'>πολλῆς</span> <span class='ocrx_word' id='word_1_282' title='bbox 2621 1513 2962 1582; x_wconf 68' lang='grc' dir='ltr'><strong>διασκέψεως</strong></span> <span class='ocrx_word' id='word_1_283' title='bbox 3004 1512 3286 1579; x_wconf 82' lang='grc' dir='ltr'>διανέμειν</span> <span class='ocrx_word' id='word_1_284' title='bbox 3316 1515 3476 1567; x_wconf 80' lang='grc' dir='ltr'>ταυτὶ</span> <span class='ocrx_word' id='word_1_285' title='bbox 3514 1516 3580 1566; x_wconf 79' lang='grc' dir='ltr'><strong>τὰ</strong></span> <span class='ocrx_word' id='word_1_286' title='bbox 3606 1513 3749 1582; x_wconf 82' lang='grc' dir='ltr'>δῶρα</span> <span class='ocrx_word' id='word_1_287' title='bbox 3772 1531 3784 1544; x_wconf 87' lang='grc'><strong>·</strong></span> 
     </span>
    </p>
   </div>
   <div class='ocr_carea' id='block_1_44' title="bbox 2213 1586 3790 1674">
    <p class='ocr_par' dir='ltr' id='par_1_44' title="bbox 2213 1586 3790 1674">
     <span class='ocr_line' id='line_1_44' title="bbox 2213 1586 3790 1674; baseline 0 -18"><span class='ocrx_word' id='word_1_288' title='bbox 2213 1602 2444 1674; x_wconf 75' lang='grc' dir='ltr'>καὶγὰρ</span> <span class='ocrx_word' id='word_1_289' title='bbox 2487 1604 2550 1655; x_wconf 81' lang='grc' dir='ltr'>οὐ</span> <span class='ocrx_word' id='word_1_290' title='bbox 2595 1603 2770 1674; x_wconf 87' lang='grc' dir='ltr'>μικρά</span> <span class='ocrx_word' id='word_1_291' title='bbox 2818 1603 3043 1666; x_wconf 84' lang='grc' dir='ltr'>κόλασις</span> <span class='ocrx_word' id='word_1_292' title='bbox 3075 1604 3228 1674; x_wconf 82' lang='grc' dir='ltr'>ὑμῖν,</span> <span class='ocrx_word' id='word_1_293' title='bbox 3270 1605 3320 1657; x_wconf 86' lang='grc' dir='ltr'><strong>εί</strong></span> <span class='ocrx_word' id='word_1_294' title='bbox 3355 1621 3464 1656; x_wconf 89' lang='grc' dir='ltr'>τινι</span> <span class='ocrx_word' id='word_1_295' title='bbox 3484 1586 3790 1667; x_wconf 50' lang='grc' dir='ltr'>’συνειδότες</span> 
     </span>
    </p>
   </div>
   <div class='ocr_carea' id='block_1_45' title="bbox 2209 1696 3789 1768">
    <p class='ocr_par' dir='ltr' id='par_1_45' title="bbox 2209 1696 3789 1768">
     <span class='ocr_line' id='line_1_45' title="bbox 2209 1696 3789 1768; baseline 0 -20"><span class='ocrx_word' id='word_1_296' title='bbox 2209 1697 2336 1749; x_wconf 73' lang='grc' dir='ltr'>τινὰ</span> <span class='ocrx_word' id='word_1_297' title='bbox 2357 1696 2653 1768; x_wconf 83' lang='grc' dir='ltr'>πονηρίαν,</span> <span class='ocrx_word' id='word_1_298' title='bbox 2687 1697 3083 1766; x_wconf 84' lang='grc' dir='ltr'><strong>συγχωρήσετε</strong></span> <span class='ocrx_word' id='word_1_299' title='bbox 3139 1697 3436 1766; x_wconf 77' lang='grc' dir='ltr'><strong>μετασχεῖν</strong></span> <span class='ocrx_word' id='word_1_300' title='bbox 3465 1697 3670 1767; x_wconf 84' lang='grc' dir='ltr'>ταύτης</span> <span class='ocrx_word' id='word_1_301' title='bbox 3699 1697 3789 1767; x_wconf 81' lang='grc' dir='ltr'>τῆς</span> 
     </span>
    </p>
   </div>
   <div class='ocr_carea' id='block_1_46' title="bbox 2216 1783 3790 1860">
    <p class='ocr_par' dir='ltr' id='par_1_46' title="bbox 2216 1783 3790 1860">
     <span class='ocr_line' id='line_1_46' title="bbox 2216 1783 3790 1860; baseline -0.001 -20"><span class='ocrx_word' id='word_1_302' title='bbox 2216 1789 2522 1860; x_wconf 74' lang='grc' dir='ltr'>τραπέζης.</span> <span class='ocrx_word' id='word_1_303' title='bbox 2557 1790 2630 1842; x_wconf 79' lang='grc' dir='ltr'><strong>Τὸ</strong></span> <span class='ocrx_word' id='word_1_304' title='bbox 2677 1783 2817 1857; x_wconf 77' lang='grc' dir='ltr'>αἷμα</span> <span class='ocrx_word' id='word_1_305' title='bbox 2852 1788 3019 1841; x_wconf 74' lang='grc' dir='ltr'>αὐτοῦ</span> <span class='ocrx_word' id='word_1_306' title='bbox 3076 1790 3141 1840; x_wconf 83' lang='grc' dir='ltr'>ὲκ</span> <span class='ocrx_word' id='word_1_307' title='bbox 3194 1788 3303 1841; x_wconf 78' lang='grc' dir='ltr'><strong>τῶν</strong></span> <span class='ocrx_word' id='word_1_308' title='bbox 3339 1788 3538 1858; x_wconf 77' lang='grc' dir='ltr'>χειρῶν</span> <span class='ocrx_word' id='word_1_309' title='bbox 3563 1789 3790 1859; x_wconf 77' lang='grc' dir='ltr'>ἐκζητη-</span> 
     </span>
    </p>
   </div>
   <div class='ocr_carea' id='block_1_47' title="bbox 2218 1875 3793 1951">
    <p class='ocr_par' dir='ltr' id='par_1_47' title="bbox 2218 1875 3793 1951">
     <span class='ocr_line' id='line_1_47' title="bbox 2218 1875 3793 1951; baseline -0.001 -20"><span class='ocrx_word' id='word_1_310' title='bbox 2218 1881 2444 1950; x_wconf 83' lang='grc' dir='ltr'>θήσεται</span> <span class='ocrx_word' id='word_1_311' title='bbox 2475 1879 2583 1932; x_wconf 80' lang='grc' dir='ltr'>τῶν</span> <span class='ocrx_word' id='word_1_312' title='bbox 2627 1879 2931 1950; x_wconf 77' lang='grc' dir='ltr'>ὑμετέρων.</span> <span class='ocrx_word' id='word_1_313' title='bbox 2967 1878 3085 1930; x_wconf 79' lang='grc' dir='ltr'>Κᾶν</span> <span class='ocrx_word' id='word_1_314' title='bbox 3116 1881 3419 1948; x_wconf 85' lang='grc' dir='ltr'>στρατηγός</span> <span class='ocrx_word' id='word_1_315' title='bbox 3473 1895 3557 1942; x_wconf 87' lang='grc' dir='ltr'><strong>τις</strong></span> <span class='ocrx_word' id='word_1_316' title='bbox 3607 1875 3666 1951; x_wconf 74' lang='grc' dir='ltr'>ᾗ,</span> <span class='ocrx_word' id='word_1_317' title='bbox 3699 1877 3793 1930; x_wconf 60' lang='grc' dir='ltr'>κᾶν</span> 
     </span>
    </p>
   </div>
   <div class='ocr_carea' id='block_1_48' title="bbox 2219 1970 3796 2042">
    <p class='ocr_par' dir='ltr' id='par_1_48' title="bbox 2219 1970 3796 2042">
     <span class='ocr_line' id='line_1_48' title="bbox 2219 1970 3796 2042; baseline -0.002 -18"><span class='ocrx_word' id='word_1_318' title='bbox 2219 1971 2486 2042; x_wconf 75' lang='grc' dir='ltr'>ὕπαρχος,</span> <span class='ocrx_word' id='word_1_319' title='bbox 2511 1972 2615 2023; x_wconf 79' lang='grc' dir='ltr'>κᾶν</span> <span class='ocrx_word' id='word_1_320' title='bbox 2639 1971 2800 2034; x_wconf 75' lang='grc' dir='ltr'>αὐτὸς</span> <span class='ocrx_word' id='word_1_321' title='bbox 2829 1974 2856 2024; x_wconf 87' lang='grc' dir='ltr'>ὁ</span> <span class='ocrx_word' id='word_1_322' title='bbox 2882 1974 2943 2023; x_wconf 84' lang='grc' dir='ltr'>τὸ</span> <span class='ocrx_word' id='word_1_323' title='bbox 2973 1970 3211 2039; x_wconf 83' lang='grc' dir='ltr'>διάδημα</span> <span class='ocrx_word' id='word_1_324' title='bbox 3240 1971 3646 2041; x_wconf 77' lang='grc' dir='ltr'>περικείμενος,</span> <span class='ocrx_word' id='word_1_325' title='bbox 3672 1973 3796 2022; x_wconf 69' lang='lat' dir='ltr'><strong>dva-</strong></span> 
     </span>
    </p>
   </div>
   <div class='ocr_carea' id='block_1_49' title="bbox 2219 2062 3796 2135">
    <p class='ocr_par' dir='ltr' id='par_1_49' title="bbox 2219 2062 3796 2135">
     <span class='ocr_line' id='line_1_49' title="bbox 2219 2062 3796 2135; baseline -0.001 -20"><span class='ocrx_word' id='word_1_326' title='bbox 2219 2065 2346 2130; x_wconf 77' lang='grc' dir='ltr'>ξίως</span> <span class='ocrx_word' id='word_1_327' title='bbox 2375 2066 2432 2117; x_wconf 81' lang='grc' dir='ltr'>δὲ</span> <span class='ocrx_word' id='word_1_328' title='bbox 2467 2066 2690 2135; x_wconf 82' lang='grc' dir='ltr'><strong>προσίῃ,</strong></span> <span class='ocrx_word' id='word_1_329' title='bbox 2723 2063 2968 2116; x_wconf 65' lang='grc' dir='ltr'>κώλυσιν</span> <span class='ocrx_word' id='word_1_330' title='bbox 2995 2079 3010 2094; x_wconf 89' lang='grc'><strong>·</strong></span> <span class='ocrx_word' id='word_1_331' title='bbox 3047 2065 3269 2132; x_wconf 77' lang='grc' dir='ltr'>μείζονα</span> <span class='ocrx_word' id='word_1_332' title='bbox 3294 2064 3504 2116; x_wconf 80' lang='grc' dir='ltr'>ἐκείνου</span> <span class='ocrx_word' id='word_1_333' title='bbox 3523 2063 3623 2132; x_wconf 78' lang='grc' dir='ltr'><strong>τὴν</strong></span> <span class='ocrx_word' id='word_1_334' title='bbox 3653 2062 3796 2124; x_wconf 78' lang='grc' dir='ltr'><strong>ἐξου-</strong></span> 
     </span>
    </p>
   </div>
   <div class='ocr_carea' id='block_1_50' title="bbox 2220 2153 3798 2226">
    <p class='ocr_par' dir='ltr' id='par_1_50' title="bbox 2220 2153 3798 2226">
     <span class='ocr_line' id='line_1_50' title="bbox 2220 2153 3798 2226; baseline -0.002 -16"><span class='ocrx_word' id='word_1_335' title='bbox 2220 2159 2344 2211; x_wconf 88' lang='grc' dir='ltr'>σίαν</span> <span class='ocrx_word' id='word_1_336' title='bbox 2373 2157 2609 2226; x_wconf 79' lang='grc' dir='ltr'>ἀνέχεις.</span> <span class='ocrx_word' id='word_1_337' title='bbox 2641 2157 2714 2208; x_wconf 81' lang='grc' dir='ltr'><strong>Σὺ</strong></span> <span class='ocrx_word' id='word_1_338' title='bbox 2748 2155 2805 2208; x_wconf 88' lang='grc' dir='ltr'>δὲ</span> <span class='ocrx_word' id='word_1_339' title='bbox 2838 2156 2887 2208; x_wconf 85' lang='grc' dir='ltr'><strong>εί</strong></span> <span class='ocrx_word' id='word_1_340' title='bbox 2916 2155 3018 2226; x_wconf 81' lang='grc' dir='ltr'>μὲν</span> <span class='ocrx_word' id='word_1_341' title='bbox 3069 2155 3252 2226; x_wconf 78' lang='grc' dir='ltr'>πηγὴν</span> <span class='ocrx_word' id='word_1_342' title='bbox 3303 2156 3497 2216; x_wconf 79' lang='grc' dir='ltr'>ὓδατος</span> <span class='ocrx_word' id='word_1_343' title='bbox 3545 2153 3798 2224; x_wconf 66' lang='grc' dir='ltr'>ἐνεχειρί-</span> 
     </span>
    </p>
   </div>
   <div class='ocr_carea' id='block_1_51' title="bbox 2221 2241 3799 2318">
    <p class='ocr_par' dir='ltr' id='par_1_51' title="bbox 2221 2241 3799 2318">
     <span class='ocr_line' id='line_1_51' title="bbox 2221 2241 3799 2318; baseline -0.002 -18"><span class='ocrx_word' id='word_1_344' title='bbox 2221 2248 2355 2318; x_wconf 87' lang='grc' dir='ltr'>σθης</span> <span class='ocrx_word' id='word_1_345' title='bbox 2380 2248 2676 2316; x_wconf 76' lang='grc' dir='ltr'><strong>φυλάττειν</strong></span> <span class='ocrx_word' id='word_1_346' title='bbox 2707 2247 2951 2316; x_wconf 75' lang='grc' dir='ltr'>ποιμνίῳ</span> <span class='ocrx_word' id='word_1_347' title='bbox 2977 2245 3249 2318; x_wconf 71' lang='grc' dir='ltr'>καθαρὰν,</span> <span class='ocrx_word' id='word_1_348' title='bbox 3282 2241 3400 2298; x_wconf 81' lang='grc' dir='ltr'>εἶτα</span> <span class='ocrx_word' id='word_1_349' title='bbox 3427 2241 3566 2308; x_wconf 78' lang='grc' dir='ltr'>εἶδες</span> <span class='ocrx_word' id='word_1_350' title='bbox 3596 2244 3799 2316; x_wconf 78' lang='grc' dir='ltr'>πρόϐα-</span> 
     </span>
    </p>
   </div>
   <div class='ocr_carea' id='block_1_52' title="bbox 2218 2339 3797 2412">
    <p class='ocr_par' dir='ltr' id='par_1_52' title="bbox 2218 2339 3797 2412">
     <span class='ocr_line' id='line_1_52' title="bbox 2218 2339 3797 2412; baseline -0.002 -18"><span class='ocrx_word' id='word_1_351' title='bbox 2218 2359 2312 2394; x_wconf 87' lang='grc' dir='ltr'><strong>τον</strong></span> <span class='ocrx_word' id='word_1_352' title='bbox 2349 2342 2516 2394; x_wconf 79' lang='grc' dir='ltr'>πολὺν</span> <span class='ocrx_word' id='word_1_353' title='bbox 2550 2342 2643 2394; x_wconf 73' lang='grc' dir='ltr'><strong>ἐπὶ</strong></span> <span class='ocrx_word' id='word_1_354' title='bbox 2672 2341 2766 2393; x_wconf 80' lang='grc' dir='ltr'>τοῦ</span> <span class='ocrx_word' id='word_1_355' title='bbox 2805 2342 3073 2410; x_wconf 81' lang='grc' dir='ltr'>στόματος</span> <span class='ocrx_word' id='word_1_356' title='bbox 3107 2341 3274 2410; x_wconf 77' lang='grc' dir='ltr'>φέρον</span> <span class='ocrx_word' id='word_1_357' title='bbox 3311 2341 3593 2412; x_wconf 64' lang='grc' dir='ltr'>βόρϐορον,</span> <span class='ocrx_word' id='word_1_358' title='bbox 3617 2343 3718 2392; x_wconf 75' lang='grc' dir='ltr'><strong>ούκ</strong></span> <span class='ocrx_word' id='word_1_359' title='bbox 3737 2339 3797 2393; x_wconf 77' lang='grc' dir='ltr'><strong>ἀν</strong></span> 
     </span>
    </p>
   </div>
   <div class='ocr_carea' id='block_1_53' title="bbox 2219 2433 3795 2504">
    <p class='ocr_par' dir='ltr' id='par_1_53' title="bbox 2219 2433 3795 2504">
     <span class='ocr_line' id='line_1_53' title="bbox 2219 2433 3795 2504; baseline 0 -19"><span class='ocrx_word' id='word_1_360' title='bbox 2219 2434 2412 2498; x_wconf 79' lang='grc' dir='ltr'><strong>εἴασας</strong></span> <span class='ocrx_word' id='word_1_361' title='bbox 2447 2434 2712 2502; x_wconf 71' lang='grc' dir='ltr'>ὲπικύψαι</span> <span class='ocrx_word' id='word_1_362' title='bbox 2748 2433 3028 2487; x_wconf 75' lang='grc' dir='ltr'>κάτω’καὶ</span> <span class='ocrx_word' id='word_1_363' title='bbox 3064 2434 3298 2486; x_wconf 74' lang='grc' dir='ltr'>θολῶσαι</span> <span class='ocrx_word' id='word_1_364' title='bbox 3327 2433 3387 2485; x_wconf 87' lang='grc' dir='ltr'>τὸ</span> <span class='ocrx_word' id='word_1_365' title='bbox 3420 2434 3654 2504; x_wconf 76' lang='grc' dir='ltr'>ρεἰθρονο</span> <span class='ocrx_word' id='word_1_366' title='bbox 3691 2436 3795 2485; x_wconf 81' lang='grc' dir='ltr'>νυνὶ</span> 
     </span>
    </p>
   </div>
   <div class='ocr_carea' id='block_1_54' title="bbox 2220 2525 3796 2597">
    <p class='ocr_par' dir='ltr' id='par_1_54' title="bbox 2220 2525 3796 2597">
     <span class='ocr_line' id='line_1_54' title="bbox 2220 2525 3796 2597; baseline -0.005 -15"><span class='ocrx_word' id='word_1_367' title='bbox 2220 2529 2278 2582; x_wconf 77' lang='grc' dir='ltr'>δὲ</span> <span class='ocrx_word' id='word_1_368' title='bbox 2307 2528 2408 2597; x_wconf 84' lang='grc' dir='ltr'><strong>οὐχ</strong></span> <span class='ocrx_word' id='word_1_369' title='bbox 2438 2527 2632 2590; x_wconf 80' lang='grc' dir='ltr'>ὓδατος</span> <span class='ocrx_word' id='word_1_370' title='bbox 2681 2525 2800 2579; x_wconf 84' lang='grc' dir='ltr'>ἀλλ’</span> <span class='ocrx_word' id='word_1_371' title='bbox 2842 2527 3078 2595; x_wconf 78' lang='grc' dir='ltr'>αἵματος</span> <span class='ocrx_word' id='word_1_372' title='bbox 3131 2527 3225 2578; x_wconf 76' lang='grc' dir='ltr'>καὶ</span> <span class='ocrx_word' id='word_1_373' title='bbox 3275 2527 3588 2595; x_wconf 67' lang='grc' dir='ltr'>πνεύματος</span> <span class='ocrx_word' id='word_1_374' title='bbox 3621 2527 3796 2594; x_wconf 73' lang='grc' dir='ltr'>πηγὴν</span> 
     </span>
    </p>
   </div>
   <div class='ocr_carea' id='block_1_55' title="bbox 2222 2617 3798 2690">
    <p class='ocr_par' dir='ltr' id='par_1_55' title="bbox 2222 2617 3798 2690">
     <span class='ocr_line' id='line_1_55' title="bbox 2222 2617 3798 2690; baseline -0.002 -17"><span class='ocrx_word' id='word_1_375' title='bbox 2222 2619 2724 2690; x_wconf 75' lang='grc' dir='ltr'><strong>ἐγκεχειρισμένος,</strong></span> <span class='ocrx_word' id='word_1_376' title='bbox 2759 2619 2858 2673; x_wconf 72' lang='grc' dir='ltr'>καὶ</span> <span class='ocrx_word' id='word_1_377' title='bbox 2886 2617 3029 2690; x_wconf 82' lang='grc' dir='ltr'>ὁρῶν</span> <span class='ocrx_word' id='word_1_378' title='bbox 3061 2617 3162 2687; x_wconf 80' lang='grc' dir='ltr'>τὴν</span> <span class='ocrx_word' id='word_1_379' title='bbox 3186 2618 3456 2689; x_wconf 77' lang='grc' dir='ltr'>βορϐόρου</span> <span class='ocrx_word' id='word_1_380' title='bbox 3491 2618 3798 2688; x_wconf 81' lang='grc' dir='ltr'>χαλεπωτέ-</span> 
     </span>
    </p>
   </div>
   <div class='ocr_carea' id='block_1_56' title="bbox 2224 2711 3794 2786">
    <p class='ocr_par' dir='ltr' id='par_1_56' title="bbox 2224 2711 3794 2786">
     <span class='ocr_line' id='line_1_56' title="bbox 2224 2711 3794 2786; baseline -0.003 -20"><span class='ocrx_word' id='word_1_381' title='bbox 2224 2731 2323 2786; x_wconf 85' lang='grc' dir='ltr'>ραν</span> <span class='ocrx_word' id='word_1_382' title='bbox 2368 2712 2648 2783; x_wconf 80' lang='grc' dir='ltr'><strong>ἁμαρτίαν</strong></span> <span class='ocrx_word' id='word_1_383' title='bbox 2701 2711 2924 2782; x_wconf 77' lang='grc' dir='ltr'>εχοντάς</span> <span class='ocrx_word' id='word_1_384' title='bbox 2972 2729 3127 2774; x_wconf 86' lang='grc' dir='ltr'>τινας</span> <span class='ocrx_word' id='word_1_385' title='bbox 3182 2711 3277 2763; x_wconf 77' lang='grc' dir='ltr'>καὶ</span> <span class='ocrx_word' id='word_1_386' title='bbox 3311 2711 3656 2779; x_wconf 76' lang='grc' dir='ltr'>προσιόντας,</span> <span class='ocrx_word' id='word_1_387' title='bbox 3701 2711 3794 2762; x_wconf 83' lang='grc' dir='ltr'>οὐκ</span> 
     </span>
    </p>
   </div>
   <div class='ocr_carea' id='block_1_57' title="bbox 2223 2801 3791 2875">
    <p class='ocr_par' dir='ltr' id='par_1_57' title="bbox 2223 2801 3791 2875">
     <span class='ocr_line' id='line_1_57' title="bbox 2223 2801 3791 2875; baseline -0.006 -15"><span class='ocrx_word' id='word_1_388' title='bbox 2223 2808 2556 2875; x_wconf 82' lang='grc' dir='ltr'>ἀγανακτεῖς</span> <span class='ocrx_word' id='word_1_389' title='bbox 2586 2805 2710 2859; x_wconf 78' lang='grc' dir='ltr'>οὐδὲ</span> <span class='ocrx_word' id='word_1_390' title='bbox 2744 2805 3035 2875; x_wconf 81' lang='grc' dir='ltr'>ἀπείργεις</span> <span class='ocrx_word' id='word_1_391' title='bbox 3061 2821 3076 2870; x_wconf 92' lang='lat'><strong>;</strong></span> <span class='ocrx_word' id='word_1_392' title='bbox 3104 2803 3214 2858; x_wconf 77' lang='lat' dir='ltr'><strong>Kal.</strong></span> <span class='ocrx_word' id='word_1_393' title='bbox 3247 2803 3369 2858; x_wconf 86' lang='grc' dir='ltr'>τίνα</span> <span class='ocrx_word' id='word_1_394' title='bbox 3404 2804 3590 2874; x_wconf 85' lang='grc' dir='ltr'>σχοίης</span> <span class='ocrx_word' id='word_1_395' title='bbox 3613 2801 3681 2856; x_wconf 82' lang='grc' dir='ltr'>ἂν</span> <span class='ocrx_word' id='word_1_396' title='bbox 3703 2802 3791 2873; x_wconf 77' lang='grc' dir='ltr'>τὴν</span> 
     </span>
    </p>
   </div>
   <div class='ocr_carea' id='block_1_58' title="bbox 2226 2891 3793 2967">
    <p class='ocr_par' dir='ltr' id='par_1_58' title="bbox 2226 2891 3793 2967">
     <span class='ocr_line' id='line_1_58' title="bbox 2226 2891 3793 2967; baseline -0.005 -17"><span class='ocrx_word' id='word_1_397' title='bbox 2226 2896 2560 2967; x_wconf 81' lang='grc' dir='ltr'>συγγνώμην</span> <span class='ocrx_word' id='word_1_398' title='bbox 2589 2934 2606 2962; x_wconf 91' lang='grc'><strong>,</strong></span> <span class='ocrx_word' id='word_1_399' title='bbox 2641 2896 2738 2949; x_wconf 83' lang='grc' dir='ltr'>Διά</span> <span class='ocrx_word' id='word_1_400' title='bbox 2760 2894 2920 2948; x_wconf 75' lang='grc' dir='ltr'>τοῦτο</span> <span class='ocrx_word' id='word_1_401' title='bbox 2944 2894 3090 2964; x_wconf 79' lang='grc' dir='ltr'>ὑμᾶς</span> <span class='ocrx_word' id='word_1_402' title='bbox 3113 2895 3142 2948; x_wconf 86' lang='grc' dir='ltr'>ὁ</span> <span class='ocrx_word' id='word_1_403' title='bbox 3167 2893 3300 2955; x_wconf 74' lang='grc' dir='ltr'>Θεὸς</span> <span class='ocrx_word' id='word_1_404' title='bbox 3337 2891 3562 2962; x_wconf 74' lang='grc' dir='ltr'>ἐτίμησε</span> <span class='ocrx_word' id='word_1_405' title='bbox 3595 2891 3793 2960; x_wconf 75' lang='grc' dir='ltr'>ταύτην</span> 
     </span>
    </p>
   </div>
   <div class='ocr_carea' id='block_1_59' title="bbox 2222 2987 3794 3063">
    <p class='ocr_par' dir='ltr' id='par_1_59' title="bbox 2222 2987 3794 3063">
     <span class='ocr_line' id='line_1_59' title="bbox 2222 2987 3794 3063; baseline -0.005 -17"><span class='ocrx_word' id='word_1_406' title='bbox 2222 2993 2321 3063; x_wconf 82' lang='grc' dir='ltr'>τὴν</span> <span class='ocrx_word' id='word_1_407' title='bbox 2353 2993 2544 3062; x_wconf 77' lang='grc' dir='ltr'>τιμήν,</span> <span class='ocrx_word' id='word_1_408' title='bbox 2573 2990 2662 3044; x_wconf 81' lang='grc' dir='ltr'>ἵνα</span> <span class='ocrx_word' id='word_1_409' title='bbox 2714 2991 2783 3043; x_wconf 85' lang='grc' dir='ltr'><strong>τά</strong></span> <span class='ocrx_word' id='word_1_410' title='bbox 2815 2988 3043 3043; x_wconf 79' lang='grc' dir='ltr'>τοιαῦτα</span> <span class='ocrx_word' id='word_1_411' title='bbox 3071 2989 3407 3058; x_wconf 83' lang='grc' dir='ltr'>διακρίνητε.</span> <span class='ocrx_word' id='word_1_412' title='bbox 3441 2987 3613 3040; x_wconf 82' lang='grc' dir='ltr'>Τοῦτο</span> <span class='ocrx_word' id='word_1_413' title='bbox 3641 2987 3794 3055; x_wconf 77' lang='grc' dir='ltr'>ὑμῶν</span> 
     </span>
    </p>
   </div>
   <div class='ocr_carea' id='block_1_60' title="bbox 2224 3080 3796 3158">
    <p class='ocr_par' dir='ltr' id='par_1_60' title="bbox 2224 3080 3796 3158">
     <span class='ocr_line' id='line_1_60' title="bbox 2224 3080 3796 3158; baseline -0.006 -18"><span class='ocrx_word' id='word_1_414' title='bbox 2224 3088 2258 3158; x_wconf 80' lang='grc' dir='ltr'>ἡ</span> <span class='ocrx_word' id='word_1_415' title='bbox 2301 3085 2450 3152; x_wconf 82' lang='grc' dir='ltr'>ἀξία,</span> <span class='ocrx_word' id='word_1_416' title='bbox 2470 3084 2637 3138; x_wconf 82' lang='grc' dir='ltr'>τοῦτο</span> <span class='ocrx_word' id='word_1_417' title='bbox 2681 3085 2715 3153; x_wconf 83' lang='grc' dir='ltr'><strong>ἡ</strong></span> <span class='ocrx_word' id='word_1_418' title='bbox 2749 3082 3042 3152; x_wconf 84' lang='grc' dir='ltr'>ἀσφάλεια,</span> <span class='ocrx_word' id='word_1_419' title='bbox 3068 3081 3228 3134; x_wconf 78' lang='grc' dir='ltr'>τοῦτο</span> <span class='ocrx_word' id='word_1_420' title='bbox 3267 3080 3413 3143; x_wconf 76' lang='grc' dir='ltr'>ἀπας</span> <span class='ocrx_word' id='word_1_421' title='bbox 3447 3081 3475 3132; x_wconf 76' lang='grc' dir='ltr'><strong>δ</strong></span> <span class='ocrx_word' id='word_1_422' title='bbox 3503 3080 3796 3148; x_wconf 78' lang='grc' dir='ltr'>στέφανοςο</span> 
     </span>
    </p>
   </div>
   <div class='ocr_carea' id='block_1_61' title="bbox 3288 1053 3792 1122">
    <p class='ocr_par' dir='ltr' id='par_1_61' title="bbox 3288 1053 3792 1122">
     <span class='ocr_line' id='line_1_61' title="bbox 3288 1053 3792 1122; baseline 0.006 -19"><span class='ocrx_word' id='word_1_423' title='bbox 3288 1053 3792 1122; x_wconf 75' lang='grc' dir='ltr'>μεταλαμῦἁνοντας</span> 
     </span>
    </p>
   </div>
   <div class='ocr_carea' id='block_1_62' title="bbox 530 3166 2113 3260">
    <p class='ocr_par' dir='ltr' id='par_1_62' title="bbox 530 3166 2113 3231">
     <span class='ocr_line' id='line_1_62' title="bbox 530 3166 2113 3231; baseline -0.002 -8"><span class='ocrx_word' id='word_1_424' title='bbox 530 3172 652 3224; x_wconf 76' lang='lat' dir='ltr'><strong>hth</strong></span> <span class='ocrx_word' id='word_1_425' title='bbox 707 3168 1052 3231; x_wconf 87' lang='lat' dir='ltr'><strong>immunitas,</strong></span> <span class='ocrx_word' id='word_1_426' title='bbox 1119 3166 1236 3219; x_wconf 68' lang='lat' dir='ltr'><strong>hare</strong></span> <span class='ocrx_word' id='word_1_427' title='bbox 1289 3166 1472 3218; x_wconf 92' lang='lat' dir='ltr'><strong>omnis</strong></span> <span class='ocrx_word' id='word_1_428' title='bbox 1527 3179 1778 3231; x_wconf 89' lang='lat' dir='ltr'><strong>corona;</strong></span> <span class='ocrx_word' id='word_1_429' title='bbox 1848 3180 1956 3218; x_wconf 91' lang='lat' dir='ltr'><strong>non</strong></span> <span class='ocrx_word' id='word_1_430' title='bbox 2015 3181 2113 3220; x_wconf 91' lang='lat' dir='ltr'><strong>au-</strong></span> 
     </span>
    </p>
   </div>
   <div class='ocr_carea' id='block_1_63' title="bbox 2218 3166 3803 3260">
    <p class='ocr_par' dir='ltr' id='par_1_63' title="bbox 2225 3170 3803 3246">
     <span class='ocr_line' id='line_1_63' title="bbox 2225 3170 3803 3246; baseline -0.006 -16"><span class='ocrx_word' id='word_1_431' title='bbox 2225 3178 2288 3230; x_wconf 86' lang='grc' dir='ltr'>οὐ</span> <span class='ocrx_word' id='word_1_432' title='bbox 2337 3178 2398 3230; x_wconf 76' lang='grc' dir='ltr'><strong>τὸ</strong></span> <span class='ocrx_word' id='word_1_433' title='bbox 2449 3174 2844 3246; x_wconf 76' lang='grc' dir='ltr'>περιϐαλέσθαι</span> <span class='ocrx_word' id='word_1_434' title='bbox 2909 3171 3268 3241; x_wconf 82' lang='grc' dir='ltr'>χιτωνίσκους</span> <span class='ocrx_word' id='word_1_435' title='bbox 3297 3171 3525 3234; x_wconf 81' lang='grc' dir='ltr'>λευκοὺς</span> <span class='ocrx_word' id='word_1_436' title='bbox 3553 3170 3648 3223; x_wconf 80' lang='grc' dir='ltr'>καὶ</span> <span class='ocrx_word' id='word_1_437' title='bbox 3676 3171 3803 3223; x_wconf 81' lang='grc' dir='ltr'>ἀπο-</span> 
     </span>
    </p>
   </div>
   <div class='ocr_carea' id='block_1_64' title="bbox 529 3257 2120 3328">
    <p class='ocr_par' dir='ltr' id='par_1_64' title="bbox 529 3257 2120 3328">
     <span class='ocr_line' id='line_1_64' title="bbox 529 3257 2120 3328; baseline -0.001 -14"><span class='ocrx_word' id='word_1_438' title='bbox 529 3272 641 3314; x_wconf 87' lang='lat' dir='ltr'><strong>tem</strong></span> <span class='ocrx_word' id='word_1_439' title='bbox 699 3259 957 3314; x_wconf 88' lang='lat' dir='ltr'><strong>candidis</strong></span> <span class='ocrx_word' id='word_1_440' title='bbox 1018 3257 1225 3314; x_wconf 86' lang='lat' dir='ltr'><strong>tunicis</strong></span> <span class='ocrx_word' id='word_1_441' title='bbox 1283 3257 1705 3328; x_wconf 85' lang='lat' dir='ltr'><strong>splendidisque</strong></span> <span class='ocrx_word' id='word_1_442' title='bbox 1758 3257 1956 3312; x_wconf 88' lang='lat' dir='ltr'><strong>vestiri</strong></span> <span class='ocrx_word' id='word_1_443' title='bbox 1989 3297 2004 3323; x_wconf 90' lang='lat'><strong>,</strong></span> <span class='ocrx_word' id='word_1_444' title='bbox 2060 3268 2120 3313; x_wconf 90' lang='lat' dir='ltr'><strong>et</strong></span> 
     </span>
    </p>
   </div>
   <div class='ocr_carea' id='block_1_65' title="bbox 525 3353 847 3407">
    <p class='ocr_par' dir='ltr' id='par_1_65' title="bbox 525 3353 847 3407">
     <span class='ocr_line' id='line_1_65' title="bbox 525 3353 847 3407; baseline -0.009 0"><span class='ocrx_word' id='word_1_445' title='bbox 525 3353 847 3407; x_wconf 86' lang='lat' dir='ltr'><strong>circumire.</strong></span> 
     </span>
    </p>
   </div>
   <div class='ocr_carea' id='block_1_66' title="bbox 601 3439 2117 3511">
    <p class='ocr_par' dir='ltr' id='par_1_66' title="bbox 601 3439 2117 3511">
     <span class='ocr_line' id='line_1_66' title="bbox 601 3439 2117 3511; baseline -0.001 -15"><span class='ocrx_word' id='word_1_446' title='bbox 601 3445 694 3497; x_wconf 73' lang='lat'><strong>20.</strong></span> <span class='ocrx_word' id='word_1_447' title='bbox 725 3442 796 3497; x_wconf 83' lang='lat' dir='ltr'><strong>At</strong></span> <span class='ocrx_word' id='word_1_448' title='bbox 827 3442 998 3507; x_wconf 87' lang='lat' dir='ltr'><strong>enim,</strong></span> <span class='ocrx_word' id='word_1_449' title='bbox 1030 3442 1209 3503; x_wconf 84' lang='lat' dir='ltr'><strong>aiunt.</strong></span> <span class='ocrx_word' id='word_1_450' title='bbox 1260 3439 1536 3511; x_wconf 87' lang='lat' dir='ltr'><strong>quomodo</strong></span> <span class='ocrx_word' id='word_1_451' title='bbox 1593 3441 1742 3496; x_wconf 90' lang='lat' dir='ltr'><strong>hunc</strong></span> <span class='ocrx_word' id='word_1_452' title='bbox 1814 3441 1899 3496; x_wconf 76' lang='lat' dir='ltr'><strong>vel</strong></span> <span class='ocrx_word' id='word_1_453' title='bbox 1961 3441 2117 3496; x_wconf 91' lang='lat' dir='ltr'><strong>illum</strong></span> 
     </span>
    </p>
   </div>
   <div class='ocr_carea' id='block_1_67' title="bbox 533 3532 2121 3605">
    <p class='ocr_par' dir='ltr' id='par_1_67' title="bbox 533 3532 2121 3605">
     <span class='ocr_line' id='line_1_67' title="bbox 533 3532 2121 3605; baseline -0.001 -16"><span class='ocrx_word' id='word_1_454' title='bbox 533 3534 894 3590; x_wconf 83' lang='lat' dir='ltr'><strong>noverimus?</strong></span> <span class='ocrx_word' id='word_1_455' title='bbox 975 3535 1139 3603; x_wconf 80' lang='lat' dir='ltr'><strong>Atqui</strong></span> <span class='ocrx_word' id='word_1_456' title='bbox 1191 3549 1293 3605; x_wconf 85' lang='lat' dir='ltr'><strong>ego</strong></span> <span class='ocrx_word' id='word_1_457' title='bbox 1345 3549 1455 3588; x_wconf 91' lang='lat' dir='ltr'><strong>non</strong></span> <span class='ocrx_word' id='word_1_458' title='bbox 1544 3532 1613 3588; x_wconf 81' lang='lat' dir='ltr'><strong>de</strong></span> <span class='ocrx_word' id='word_1_459' title='bbox 1666 3535 1866 3604; x_wconf 78' lang='lat' dir='ltr'><strong>ignotis</strong></span> <span class='ocrx_word' id='word_1_460' title='bbox 1923 3534 2121 3602; x_wconf 88' lang='lat' dir='ltr'><strong>loquor</strong></span> 
     </span>
    </p>
   </div>
   <div class='ocr_carea' id='block_1_68' title="bbox 530 3625 2118 3698">
    <p class='ocr_par' dir='ltr' id='par_1_68' title="bbox 530 3625 2118 3698">
     <span class='ocr_line' id='line_1_68' title="bbox 530 3625 2118 3698; baseline 0.001 -17"><span class='ocrx_word' id='word_1_461' title='bbox 530 3627 630 3681; x_wconf 84' lang='lat' dir='ltr'><strong>sed</strong></span> <span class='ocrx_word' id='word_1_462' title='bbox 681 3627 750 3682; x_wconf 89' lang='lat' dir='ltr'><strong>de</strong></span> <span class='ocrx_word' id='word_1_463' title='bbox 809 3627 1026 3696; x_wconf 88' lang='lat' dir='ltr'><strong>publice</strong></span> <span class='ocrx_word' id='word_1_464' title='bbox 1089 3627 1253 3682; x_wconf 87' lang='lat' dir='ltr'><strong>notis.</strong></span> <span class='ocrx_word' id='word_1_465' title='bbox 1305 3625 1492 3683; x_wconf 76' lang='lat' dir='ltr'><strong>Dicam</strong></span> <span class='ocrx_word' id='word_1_466' title='bbox 1547 3627 1755 3698; x_wconf 82' lang='lat' dir='ltr'><strong>aliquid</strong></span> <span class='ocrx_word' id='word_1_467' title='bbox 1792 3627 2118 3682; x_wconf 88' lang='lat' dir='ltr'><strong>terribilius.</strong></span> 
     </span>
    </p>
   </div>
   <div class='ocr_carea' id='block_1_69' title="bbox 529 3719 2118 3792">
    <p class='ocr_par' dir='ltr' id='par_1_69' title="bbox 529 3719 2118 3792">
     <span class='ocr_line' id='line_1_69' title="bbox 529 3719 2118 3792; baseline 0 -18"><span class='ocrx_word' id='word_1_468' title='bbox 529 3719 651 3774; x_wconf 82' lang='lat' dir='ltr'><strong>Non</strong></span> <span class='ocrx_word' id='word_1_469' title='bbox 735 3728 818 3774; x_wconf 92' lang='lat' dir='ltr'><strong>est</strong></span> <span class='ocrx_word' id='word_1_470' title='bbox 897 3729 1179 3789; x_wconf 86' lang='lat' dir='ltr'><strong>tantopere</strong></span> <span class='ocrx_word' id='word_1_471' title='bbox 1271 3719 1601 3788; x_wconf 80' lang='lat' dir='ltr'><strong>ﬂagitiosum</strong></span> <span class='ocrx_word' id='word_1_472' title='bbox 1678 3722 1727 3774; x_wconf 90' lang='lat' dir='ltr'><strong>si</strong></span> <span class='ocrx_word' id='word_1_473' title='bbox 1764 3721 2118 3792; x_wconf 85' lang='lat' dir='ltr'><strong>energutneni</strong></span> 
     </span>
    </p>
   </div>
   <div class='ocr_carea' id='block_1_70' title="bbox 530 3809 2117 3882">
    <p class='ocr_par' dir='ltr' id='par_1_70' title="bbox 530 3809 2117 3882">
     <span class='ocr_line' id='line_1_70' title="bbox 530 3809 2117 3882; baseline 0 -18"><span class='ocrx_word' id='word_1_474' title='bbox 530 3811 675 3865; x_wconf 89' lang='lat' dir='ltr'><strong>intra</strong></span> <span class='ocrx_word' id='word_1_475' title='bbox 766 3810 1030 3880; x_wconf 88' lang='lat' dir='ltr'><strong>templum</strong></span> <span class='ocrx_word' id='word_1_476' title='bbox 1089 3809 1220 3877; x_wconf 90' lang='lat' dir='ltr'><strong>sint,</strong></span> <span class='ocrx_word' id='word_1_477' title='bbox 1274 3826 1436 3880; x_wconf 89' lang='lat' dir='ltr'><strong>quam</strong></span> <span class='ocrx_word' id='word_1_478' title='bbox 1485 3811 1578 3878; x_wconf 87' lang='lat' dir='ltr'><strong>hi;</strong></span> <span class='ocrx_word' id='word_1_479' title='bbox 1655 3812 2117 3882; x_wconf 86' lang='lat' dir='ltr'><strong>quemadmodum</strong></span> 
     </span>
    </p>
   </div>
   <div class='ocr_carea' id='block_1_71' title="bbox 529 3902 2124 3972">
    <p class='ocr_par' dir='ltr' id='par_1_71' title="bbox 529 3902 2124 3972">
     <span class='ocr_line' id='line_1_71' title="bbox 529 3902 2124 3972; baseline 0.001 -16"><span class='ocrx_word' id='word_1_480' title='bbox 529 3907 608 3957; x_wconf 88' lang='lat' dir='ltr'><strong>ait</strong></span> <span class='ocrx_word' id='word_1_481' title='bbox 698 3902 920 3969; x_wconf 88' lang='lat' dir='ltr'><strong>Paulus,</strong></span> <span class='ocrx_word' id='word_1_482' title='bbox 1027 3904 1288 3972; x_wconf 90' lang='lat' dir='ltr'><strong>quoniam</strong></span> <span class='ocrx_word' id='word_1_483' title='bbox 1379 3903 1662 3960; x_wconf 82' lang='lat' dir='ltr'><strong>Christum</strong></span> <span class='ocrx_word' id='word_1_484' title='bbox 1762 3905 2124 3958; x_wconf 84' lang='lat' dir='ltr'><strong>conculcave-</strong></span> 
     </span>
    </p>
   </div>
   <div class='ocr_carea' id='block_1_72' title="bbox 528 3995 2122 4068">
    <p class='ocr_par' dir='ltr' id='par_1_72' title="bbox 528 3995 2122 4068">
     <span class='ocr_line' id='line_1_72' title="bbox 528 3995 2122 4068; baseline 0.001 -19"><span class='ocrx_word' id='word_1_485' title='bbox 528 4004 681 4061; x_wconf 87' lang='lat' dir='ltr'><strong>runt,</strong></span> <span class='ocrx_word' id='word_1_486' title='bbox 743 4004 800 4050; x_wconf 87' lang='lat' dir='ltr'><strong>et</strong></span> <span class='ocrx_word' id='word_1_487' title='bbox 851 3997 1176 4066; x_wconf 82' lang='lat' dir='ltr'><strong>sanguinem</strong></span> <span class='ocrx_word' id='word_1_488' title='bbox 1232 3995 1568 4052; x_wconf 86' lang='lat' dir='ltr'><strong>Testamenli</strong></span> <span class='ocrx_word' id='word_1_489' title='bbox 1629 3997 1897 4067; x_wconf 81' lang='lat' dir='ltr'><strong>pollutum</strong></span> <span class='ocrx_word' id='word_1_490' title='bbox 1963 3998 2122 4068; x_wconf 88' lang='lat' dir='ltr'><strong>judi-</strong></span> 
     </span>
    </p>
   </div>
   <div class='ocr_carea' id='block_1_73' title="bbox 527 4087 2121 4160">
    <p class='ocr_par' dir='ltr' id='par_1_73' title="bbox 527 4087 2121 4160">
     <span class='ocr_line' id='line_1_73' title="bbox 527 4087 2121 4160; baseline 0.003 -20"><span class='ocrx_word' id='word_1_491' title='bbox 527 4095 816 4149; x_wconf 82' lang='lat' dir='ltr'><strong>eaverunt,</strong></span> <span class='ocrx_word' id='word_1_492' title='bbox 878 4087 1118 4157; x_wconf 87' lang='lat' dir='ltr'><strong>Spiritus</strong></span> <span class='ocrx_word' id='word_1_493' title='bbox 1173 4090 1360 4160; x_wconf 67' lang='lat' dir='ltr'><strong>gratia:</strong></span> <span class='ocrx_word' id='word_1_494' title='bbox 1396 4089 1788 4144; x_wconf 84' lang='lat' dir='ltr'><strong>contumeliam</strong></span> <span class='ocrx_word' id='word_1_495' title='bbox 1846 4090 2121 4154; x_wconf 75' lang='lat' dir='ltr'><strong>fecerunt,</strong></span> 
     </span>
    </p>
   </div>
   <div class='ocr_carea' id='block_1_74' title="bbox 525 4173 2124 4248">
    <p class='ocr_par' dir='ltr' id='par_1_74' title="bbox 525 4173 2124 4248">
     <span class='ocr_line' id='line_1_74' title="bbox 525 4173 2124 4248; baseline 0.005 -20"><span class='ocrx_word' id='word_1_496' title='bbox 525 4173 662 4228; x_wconf 79' lang='lat' dir='ltr'><strong>Nam</strong></span> <span class='ocrx_word' id='word_1_497' title='bbox 686 4175 1024 4230; x_wconf 65' lang='lat' dir='ltr'><strong>dmmoniaco</strong></span> <span class='ocrx_word' id='word_1_498' title='bbox 1083 4178 1237 4247; x_wconf 83' lang='lat' dir='ltr'><strong>pejor</strong></span> <span class='ocrx_word' id='word_1_499' title='bbox 1269 4187 1354 4232; x_wconf 87' lang='lat' dir='ltr'><strong>est</strong></span> <span class='ocrx_word' id='word_1_500' title='bbox 1383 4188 1640 4248; x_wconf 86' lang='lat' dir='ltr'><strong>peccator</strong></span> <span class='ocrx_word' id='word_1_501' title='bbox 1667 4189 1723 4234; x_wconf 85' lang='lat' dir='ltr'><strong>et</strong></span> <span class='ocrx_word' id='word_1_502' title='bbox 1772 4181 1935 4236; x_wconf 91' lang='lat' dir='ltr'><strong>simul</strong></span> <span class='ocrx_word' id='word_1_503' title='bbox 1965 4197 2124 4236; x_wconf 89' lang='lat' dir='ltr'><strong>acce-</strong></span> 
     </span>
    </p>
   </div>
   <div class='ocr_carea' id='block_1_75' title="bbox 527 4262 2122 4340">
    <p class='ocr_par' dir='ltr' id='par_1_75' title="bbox 527 4262 2122 4340">
     <span class='ocr_line' id='line_1_75' title="bbox 527 4262 2122 4340; baseline 0.006 -25"><span class='ocrx_word' id='word_1_504' title='bbox 527 4263 667 4316; x_wconf 88' lang='lat' dir='ltr'><strong>dens</strong></span> <span class='ocrx_word' id='word_1_505' title='bbox 691 4279 705 4315; x_wconf 91' lang='lat'><strong>:</strong></span> <span class='ocrx_word' id='word_1_506' title='bbox 733 4271 792 4316; x_wconf 91' lang='lat' dir='ltr'><strong>et</strong></span> <span class='ocrx_word' id='word_1_507' title='bbox 819 4262 910 4318; x_wconf 89' lang='lat' dir='ltr'><strong>ille</strong></span> <span class='ocrx_word' id='word_1_508' title='bbox 943 4264 1165 4332; x_wconf 86' lang='lat' dir='ltr'><strong>quidem</strong></span> <span class='ocrx_word' id='word_1_509' title='bbox 1195 4266 1454 4335; x_wconf 89' lang='lat' dir='ltr'><strong>quoniam</strong></span> <span class='ocrx_word' id='word_1_510' title='bbox 1510 4277 1597 4321; x_wconf 90' lang='lat' dir='ltr'><strong>est</strong></span> <span class='ocrx_word' id='word_1_511' title='bbox 1636 4271 1958 4340; x_wconf 83' lang='lat' dir='ltr'><strong>arreptitius</strong></span> <span class='ocrx_word' id='word_1_512' title='bbox 2010 4286 2122 4324; x_wconf 90' lang='lat' dir='ltr'><strong>non</strong></span> 
     </span>
    </p>
   </div>
   <div class='ocr_carea' id='block_1_76' title="bbox 527 4356 2123 4428">
    <p class='ocr_par' dir='ltr' id='par_1_76' title="bbox 527 4356 2123 4428">
     <span class='ocr_line' id='line_1_76' title="bbox 527 4356 2123 4428; baseline 0.006 -21"><span class='ocrx_word' id='word_1_513' title='bbox 527 4356 791 4423; x_wconf 87' lang='lat' dir='ltr'><strong>punitur;</strong></span> <span class='ocrx_word' id='word_1_514' title='bbox 835 4356 925 4410; x_wconf 86' lang='lat' dir='ltr'><strong>hic</strong></span> <span class='ocrx_word' id='word_1_515' title='bbox 957 4365 1169 4422; x_wconf 89' lang='lat' dir='ltr'><strong>autem,</strong></span> <span class='ocrx_word' id='word_1_516' title='bbox 1201 4357 1244 4411; x_wconf 89' lang='lat' dir='ltr'><strong>si</strong></span> <span class='ocrx_word' id='word_1_517' title='bbox 1279 4357 1506 4428; x_wconf 81' lang='lat' dir='ltr'><strong>indigne</strong></span> <span class='ocrx_word' id='word_1_518' title='bbox 1540 4363 1859 4427; x_wconf 85' lang='lat' dir='ltr'><strong>accesserit,</strong></span> <span class='ocrx_word' id='word_1_519' title='bbox 1915 4372 2123 4417; x_wconf 68' lang='lat' dir='ltr'><strong>aeterno</strong></span> 
     </span>
    </p>
   </div>
   <div class='ocr_carea' id='block_1_77' title="bbox 527 4447 2120 4520">
    <p class='ocr_par' dir='ltr' id='par_1_77' title="bbox 527 4447 2120 4520">
     <span class='ocr_line' id='line_1_77' title="bbox 527 4447 2120 4520; baseline 0.008 -21"><span class='ocrx_word' id='word_1_520' title='bbox 527 4447 803 4516; x_wconf 84' lang='lat' dir='ltr'><strong>supplicio</strong></span> <span class='ocrx_word' id='word_1_521' title='bbox 863 4449 1120 4502; x_wconf 90' lang='lat' dir='ltr'><strong>traditur.</strong></span> <span class='ocrx_word' id='word_1_522' title='bbox 1177 4449 1258 4504; x_wconf 86' lang='lat' dir='ltr'><strong>Nc</strong></span> <span class='ocrx_word' id='word_1_523' title='bbox 1292 4450 1459 4520; x_wconf 80' lang='lat' dir='ltr'><strong>igitur</strong></span> <span class='ocrx_word' id='word_1_524' title='bbox 1512 4452 2120 4511; x_wconf 65' lang='lat' dir='ltr'><strong>dzemoniacostantum</strong></span> 
     </span>
    </p>
   </div>
   <div class='ocr_carea' id='block_1_78' title="bbox 2223 3266 3022 3337">
    <p class='ocr_par' dir='ltr' id='par_1_78' title="bbox 2223 3266 3022 3337">
     <span class='ocr_line' id='line_1_78' title="bbox 2223 3266 3022 3337; baseline -0.001 -14"><span class='ocrx_word' id='word_1_525' title='bbox 2223 3269 2564 3333; x_wconf 77' lang='grc' dir='ltr'>στίλϐοντας,</span> <span class='ocrx_word' id='word_1_526' title='bbox 2595 3268 2690 3320; x_wconf 71' lang='grc' dir='ltr'>καὶ</span> <span class='ocrx_word' id='word_1_527' title='bbox 2729 3266 3022 3337; x_wconf 78' lang='grc' dir='ltr'>περιιέναι.</span> 
     </span>
    </p>
   </div>
   <div class='ocr_carea' id='block_1_79' title="bbox 2295 3442 3804 3519">
    <p class='ocr_par' dir='ltr' id='par_1_79' title="bbox 2295 3442 3804 3519">
     <span class='ocr_line' id='line_1_79' title="bbox 2295 3442 3804 3519; baseline -0.005 -15"><span class='ocrx_word' id='word_1_528' title='bbox 2295 3449 2363 3505; x_wconf 79' lang='grc' dir='ltr'>κ’.</span> <span class='ocrx_word' id='word_1_529' title='bbox 2406 3451 2520 3505; x_wconf 69' lang='grc' dir='ltr'><strong>Καὶ</strong></span> <span class='ocrx_word' id='word_1_530' title='bbox 2564 3451 2731 3505; x_wconf 75' lang='grc' dir='ltr'>πόθεν</span> <span class='ocrx_word' id='word_1_531' title='bbox 2779 3449 3029 3519; x_wconf 78' lang='grc' dir='ltr'>οῐδαμεν,</span> <span class='ocrx_word' id='word_1_532' title='bbox 3062 3447 3217 3519; x_wconf 77' lang='grc' dir='ltr'>φασὶ,</span> <span class='ocrx_word' id='word_1_533' title='bbox 3253 3445 3346 3501; x_wconf 80' lang='grc' dir='ltr'>τὸν</span> <span class='ocrx_word' id='word_1_534' title='bbox 3390 3445 3534 3499; x_wconf 71' lang='grc' dir='ltr'>δεῖνι</span> <span class='ocrx_word' id='word_1_535' title='bbox 3570 3445 3668 3500; x_wconf 81' lang='grc' dir='ltr'>καὶ</span> <span class='ocrx_word' id='word_1_536' title='bbox 3716 3442 3804 3498; x_wconf 61' lang='lat' dir='ltr'><strong>etv</strong></span> 
     </span>
    </p>
   </div>
   <div class='ocr_carea' id='block_1_80' title="bbox 2223 3536 3804 3613">
    <p class='ocr_par' dir='ltr' id='par_1_80' title="bbox 2223 3536 3804 3613">
     <span class='ocr_line' id='line_1_80' title="bbox 2223 3536 3804 3613; baseline -0.004 -14"><span class='ocrx_word' id='word_1_537' title='bbox 2223 3547 2412 3612; x_wconf 73' lang='grc' dir='ltr'>θείνας</span> <span class='ocrx_word' id='word_1_538' title='bbox 2451 3545 2526 3597; x_wconf 79' lang='grc' dir='ltr'><strong>Οὐ</strong></span> <span class='ocrx_word' id='word_1_539' title='bbox 2567 3545 2698 3613; x_wconf 68' lang='grc' dir='ltr'>περὶ</span> <span class='ocrx_word' id='word_1_540' title='bbox 2729 3543 2838 3596; x_wconf 83' lang='grc' dir='ltr'>τῶν</span> <span class='ocrx_word' id='word_1_541' title='bbox 2889 3541 3273 3611; x_wconf 77' lang='grc' dir='ltr'>ἀγνοουμένων</span> <span class='ocrx_word' id='word_1_542' title='bbox 3302 3539 3467 3607; x_wconf 82' lang='grc' dir='ltr'>λέγω,</span> <span class='ocrx_word' id='word_1_543' title='bbox 3506 3536 3644 3590; x_wconf 84' lang='grc' dir='ltr'>ἀλλὰ</span> <span class='ocrx_word' id='word_1_544' title='bbox 3681 3538 3804 3606; x_wconf 79' lang='grc' dir='ltr'>περὶ</span> 
     </span>
    </p>
   </div>
   <div class='ocr_carea' id='block_1_81' title="bbox 2222 3627 3802 3702">
    <p class='ocr_par' dir='ltr' id='par_1_81' title="bbox 2222 3627 3802 3702">
     <span class='ocr_line' id='line_1_81' title="bbox 2222 3627 3802 3702; baseline -0.006 -12"><span class='ocrx_word' id='word_1_545' title='bbox 2222 3637 2335 3690; x_wconf 78' lang='grc' dir='ltr'>τῶν</span> <span class='ocrx_word' id='word_1_546' title='bbox 2389 3634 2704 3702; x_wconf 84' lang='grc' dir='ltr'>γνωρίμων.</span> <span class='ocrx_word' id='word_1_547' title='bbox 2749 3632 2902 3686; x_wconf 74' lang='grc' dir='ltr'>Εἴπω</span> <span class='ocrx_word' id='word_1_548' title='bbox 2929 3631 2988 3684; x_wconf 86' lang='grc' dir='ltr'><strong>τί</strong></span> <span class='ocrx_word' id='word_1_549' title='bbox 3023 3630 3496 3701; x_wconf 72' lang='grc' dir='ltr'>φρικωδέστερον·</span> <span class='ocrx_word' id='word_1_550' title='bbox 3533 3629 3636 3699; x_wconf 83' lang='grc' dir='ltr'><strong>οὐχ</strong></span> <span class='ocrx_word' id='word_1_551' title='bbox 3663 3627 3802 3681; x_wconf 75' lang='grc' dir='ltr'>οὕτω</span> 
     </span>
    </p>
   </div>
   <div class='ocr_carea' id='block_1_82' title="bbox 2225 3716 3806 3798">
    <p class='ocr_par' dir='ltr' id='par_1_82' title="bbox 2225 3716 3806 3798">
     <span class='ocr_line' id='line_1_82' title="bbox 2225 3716 3806 3798; baseline -0.006 -17"><span class='ocrx_word' id='word_1_552' title='bbox 2225 3729 2464 3798; x_wconf 84' lang='grc' dir='ltr'>χαλεπὸν</span> <span class='ocrx_word' id='word_1_553' title='bbox 2498 3727 2627 3787; x_wconf 82' lang='grc' dir='ltr'>τοὺς</span> <span class='ocrx_word' id='word_1_554' title='bbox 2654 3727 2739 3779; x_wconf 80' lang='grc' dir='ltr'>ὲνε</span> <span class='ocrx_word' id='word_1_555' title='bbox 2751 3740 2880 3792; x_wconf 84' lang='grc' dir='ltr'>ργου</span> <span class='ocrx_word' id='word_1_556' title='bbox 2891 3723 3090 3793; x_wconf 82' lang='grc' dir='ltr'>μένους</span> <span class='ocrx_word' id='word_1_557' title='bbox 3121 3720 3196 3792; x_wconf 84' lang='grc'><strong>(1)</strong></span> <span class='ocrx_word' id='word_1_558' title='bbox 3224 3721 3372 3775; x_wconf 77' lang='grc' dir='ltr'>ἔνδον</span> <span class='ocrx_word' id='word_1_559' title='bbox 3400 3716 3561 3785; x_wconf 77' lang='grc' dir='ltr'>εἶναι,</span> <span class='ocrx_word' id='word_1_560' title='bbox 3589 3721 3666 3783; x_wconf 86' lang='grc' dir='ltr'><strong>ὡς</strong></span> <span class='ocrx_word' id='word_1_561' title='bbox 3687 3719 3806 3772; x_wconf 88' lang='grc' dir='ltr'>τού-</span> 
     </span>
    </p>
   </div>
   <div class='ocr_carea' id='block_1_83' title="bbox 2224 3813 3800 3893">
    <p class='ocr_par' dir='ltr' id='par_1_83' title="bbox 2224 3813 3800 3893">
     <span class='ocr_line' id='line_1_83' title="bbox 2224 3813 3800 3893; baseline -0.005 -19"><span class='ocrx_word' id='word_1_562' title='bbox 2224 3837 2376 3883; x_wconf 88' lang='grc' dir='ltr'>τους,</span> <span class='ocrx_word' id='word_1_563' title='bbox 2401 3814 2434 3893; x_wconf 80' lang='grc' dir='ltr'>ᾖ</span> <span class='ocrx_word' id='word_1_564' title='bbox 2463 3835 2634 3890; x_wconf 73' lang='grc' dir='ltr'>φησιν</span> <span class='ocrx_word' id='word_1_565' title='bbox 2662 3819 2690 3871; x_wconf 86' lang='grc' dir='ltr'>ὁ</span> <span class='ocrx_word' id='word_1_566' title='bbox 2726 3816 2963 3881; x_wconf 82' lang='grc' dir='ltr'>Παῦλος,</span> <span class='ocrx_word' id='word_1_567' title='bbox 3012 3815 3102 3869; x_wconf 83' lang='grc' dir='ltr'><strong>διὰ</strong></span> <span class='ocrx_word' id='word_1_568' title='bbox 3151 3814 3212 3868; x_wconf 80' lang='grc' dir='ltr'>τὸ</span> <span class='ocrx_word' id='word_1_569' title='bbox 3249 3814 3342 3868; x_wconf 74' lang='grc' dir='ltr'><strong>τὸν</strong></span> <span class='ocrx_word' id='word_1_570' title='bbox 3373 3813 3609 3882; x_wconf 83' lang='grc' dir='ltr'>Χριστὸν</span> <span class='ocrx_word' id='word_1_571' title='bbox 3635 3831 3800 3866; x_wconf 83' lang='grc' dir='ltr'>κατα-</span> 
     </span>
    </p>
   </div>
   <div class='ocr_carea' id='block_1_84' title="bbox 2227 3903 3805 3980">
    <p class='ocr_par' dir='ltr' id='par_1_84' title="bbox 2227 3903 3805 3980">
     <span class='ocr_line' id='line_1_84' title="bbox 2227 3903 3805 3980; baseline -0.003 -16"><span class='ocrx_word' id='word_1_572' title='bbox 2227 3913 2495 3980; x_wconf 78' lang='grc' dir='ltr'>πατῆσαι,</span> <span class='ocrx_word' id='word_1_573' title='bbox 2527 3911 2624 3964; x_wconf 81' lang='grc' dir='ltr'><strong>καὶ</strong></span> <span class='ocrx_word' id='word_1_574' title='bbox 2651 3909 2710 3962; x_wconf 81' lang='grc' dir='ltr'>τὸ</span> <span class='ocrx_word' id='word_1_575' title='bbox 2753 3903 2896 3979; x_wconf 72' lang='grc' dir='ltr'>αἷμα</span> <span class='ocrx_word' id='word_1_576' title='bbox 2924 3908 3025 3976; x_wconf 84' lang='grc' dir='ltr'>τῆς</span> <span class='ocrx_word' id='word_1_577' title='bbox 3056 3907 3325 3977; x_wconf 77' lang='grc' dir='ltr'>διαθήκης</span> <span class='ocrx_word' id='word_1_578' title='bbox 3376 3908 3557 3960; x_wconf 81' lang='grc' dir='ltr'>κοινὸν</span> <span class='ocrx_word' id='word_1_579' title='bbox 3596 3909 3805 3978; x_wconf 77' lang='grc' dir='ltr'>ἡγήσα-</span> 
     </span>
    </p>
   </div>
   <div class='ocr_carea' id='block_1_85' title="bbox 2229 3995 3808 4068">
    <p class='ocr_par' dir='ltr' id='par_1_85' title="bbox 2229 3995 3808 4068">
     <span class='ocr_line' id='line_1_85' title="bbox 2229 3995 3808 4068; baseline -0.001 -16"><span class='ocrx_word' id='word_1_580' title='bbox 2229 4000 2378 4065; x_wconf 78' lang='grc' dir='ltr'>σθαι,</span> <span class='ocrx_word' id='word_1_581' title='bbox 2410 4001 2511 4054; x_wconf 81' lang='grc' dir='ltr'>καὶ</span> <span class='ocrx_word' id='word_1_582' title='bbox 2545 3999 2644 4068; x_wconf 78' lang='grc' dir='ltr'>τὴν</span> <span class='ocrx_word' id='word_1_583' title='bbox 2677 4001 2837 4068; x_wconf 82' lang='grc' dir='ltr'>χάριν</span> <span class='ocrx_word' id='word_1_584' title='bbox 2873 3997 2969 4050; x_wconf 79' lang='grc' dir='ltr'><strong>τοῦ</strong></span> <span class='ocrx_word' id='word_1_585' title='bbox 3012 3995 3324 4064; x_wconf 83' lang='grc' dir='ltr'>Πνεύματος</span> <span class='ocrx_word' id='word_1_586' title='bbox 3356 3997 3643 4067; x_wconf 73' lang='grc' dir='ltr'>ἐνυϐρίσαι</span> <span class='ocrx_word' id='word_1_587' title='bbox 3663 4017 3676 4031; x_wconf 88' lang='grc'><strong>·</strong></span> <span class='ocrx_word' id='word_1_588' title='bbox 3697 3999 3808 4052; x_wconf 76' lang='grc' dir='ltr'>δαι-</span> 
     </span>
    </p>
   </div>
   <div class='ocr_carea' id='block_1_86' title="bbox 2231 4087 3804 4165">
    <p class='ocr_par' dir='ltr' id='par_1_86' title="bbox 2231 4087 3804 4165">
     <span class='ocr_line' id='line_1_86' title="bbox 2231 4087 3804 4165; baseline 0 -23"><span class='ocrx_word' id='word_1_589' title='bbox 2231 4087 2503 4159; x_wconf 80' lang='grc' dir='ltr'>μονῶντος</span> <span class='ocrx_word' id='word_1_590' title='bbox 2539 4090 2650 4165; x_wconf 76' lang='grc' dir='ltr'><strong>γὰρ</strong></span> <span class='ocrx_word' id='word_1_591' title='bbox 2683 4089 2884 4159; x_wconf 82' lang='grc' dir='ltr'>χείρων</span> <span class='ocrx_word' id='word_1_592' title='bbox 2922 4089 2951 4141; x_wconf 83' lang='grc' dir='ltr'><strong>ὁ</strong></span> <span class='ocrx_word' id='word_1_593' title='bbox 2995 4089 3356 4159; x_wconf 79' lang='grc' dir='ltr'>ἡμαρτηκὼς,</span> <span class='ocrx_word' id='word_1_594' title='bbox 3391 4087 3488 4140; x_wconf 83' lang='grc' dir='ltr'><strong>καὶ</strong></span> <span class='ocrx_word' id='word_1_595' title='bbox 3521 4089 3764 4157; x_wconf 85' lang='grc' dir='ltr'>προσιών</span> <span class='ocrx_word' id='word_1_596' title='bbox 3786 4105 3804 4124; x_wconf 79' lang='grc' dir='ltr'><strong>ο</strong></span> 
     </span>
    </p>
   </div>
   <div class='ocr_carea' id='block_1_87' title="bbox 2225 4178 3805 4252">
    <p class='ocr_par' dir='ltr' id='par_1_87' title="bbox 2225 4178 3805 4252">
     <span class='ocr_line' id='line_1_87' title="bbox 2225 4178 3805 4252; baseline 0.001 -18"><span class='ocrx_word' id='word_1_597' title='bbox 2225 4183 2254 4234; x_wconf 84' lang='grc' dir='ltr'>ὁ</span> <span class='ocrx_word' id='word_1_598' title='bbox 2289 4185 2389 4252; x_wconf 84' lang='grc' dir='ltr'>μὲν</span> <span class='ocrx_word' id='word_1_599' title='bbox 2428 4182 2538 4252; x_wconf 79' lang='grc' dir='ltr'>γὰρ</span> <span class='ocrx_word' id='word_1_600' title='bbox 2565 4183 2755 4252; x_wconf 75' lang='grc' dir='ltr'>ἐπειδὴ</span> <span class='ocrx_word' id='word_1_601' title='bbox 2807 4182 3065 4252; x_wconf 85' lang='grc' dir='ltr'>δαιμονᾷ,</span> <span class='ocrx_word' id='word_1_602' title='bbox 3093 4181 3154 4234; x_wconf 85' lang='grc' dir='ltr'><strong>ού</strong></span> <span class='ocrx_word' id='word_1_603' title='bbox 3183 4180 3473 4244; x_wconf 79' lang='grc' dir='ltr'>κολάζεται</span> <span class='ocrx_word' id='word_1_604' title='bbox 3503 4197 3517 4211; x_wconf 78' lang='grc'><strong><em>⁸</em></strong></span> <span class='ocrx_word' id='word_1_605' title='bbox 3547 4178 3705 4246; x_wconf 72' lang='grc' dir='ltr'>οὗτος</span> <span class='ocrx_word' id='word_1_606' title='bbox 3729 4182 3805 4248; x_wconf 78' lang='grc' dir='ltr'>δὲ,</span> 
     </span>
    </p>
   </div>
   <div class='ocr_carea' id='block_1_88' title="bbox 2226 4274 3802 4346">
    <p class='ocr_par' dir='ltr' id='par_1_88' title="bbox 2226 4274 3802 4346">
     <span class='ocr_line' id='line_1_88' title="bbox 2226 4274 3802 4346; baseline 0.001 -19"><span class='ocrx_word' id='word_1_607' title='bbox 2226 4275 2358 4327; x_wconf 79' lang='grc' dir='ltr'>ὅταν</span> <span class='ocrx_word' id='word_1_608' title='bbox 2382 4274 2620 4340; x_wconf 80' lang='grc' dir='ltr'>ἀναξίως</span> <span class='ocrx_word' id='word_1_609' title='bbox 2649 4276 2872 4346; x_wconf 80' lang='grc' dir='ltr'>προσίῃ,</span> <span class='ocrx_word' id='word_1_610' title='bbox 2899 4274 3154 4344; x_wconf 82' lang='grc' dir='ltr'>ἀθανάτῳ</span> <span class='ocrx_word' id='word_1_611' title='bbox 3182 4274 3534 4344; x_wconf 83' lang='grc' dir='ltr'>παραδίδοται</span> <span class='ocrx_word' id='word_1_612' title='bbox 3558 4275 3802 4329; x_wconf 82' lang='grc' dir='ltr'>κολάσει.</span> 
     </span>
    </p>
   </div>
   <div class='ocr_carea' id='block_1_89' title="bbox 2227 4363 3802 4436">
    <p class='ocr_par' dir='ltr' id='par_1_89' title="bbox 2227 4363 3802 4436">
     <span class='ocr_line' id='line_1_89' title="bbox 2227 4363 3802 4436; baseline -0.001 -15"><span class='ocrx_word' id='word_1_613' title='bbox 2227 4367 2318 4436; x_wconf 84' lang='grc' dir='ltr'><strong>Μὴ</strong></span> <span class='ocrx_word' id='word_1_614' title='bbox 2345 4367 2529 4420; x_wconf 84' lang='grc' dir='ltr'>τοίνυν</span> <span class='ocrx_word' id='word_1_615' title='bbox 2581 4367 2712 4429; x_wconf 80' lang='grc' dir='ltr'>τοὺς</span> <span class='ocrx_word' id='word_1_616' title='bbox 2763 4363 3136 4436; x_wconf 67' lang='grc' dir='ltr'>δαιμονῶντας</span> <span class='ocrx_word' id='word_1_617' title='bbox 3166 4367 3417 4419; x_wconf 73' lang='grc' dir='ltr'>ἐλαύνετε</span> <span class='ocrx_word' id='word_1_618' title='bbox 3452 4367 3638 4436; x_wconf 83' lang='grc' dir='ltr'>μόνον,</span> <span class='ocrx_word' id='word_1_619' title='bbox 3671 4368 3802 4422; x_wconf 65' lang='grc' dir='ltr'>ἀλλὰ</span> 
     </span>
    </p>
   </div>
   <div class='ocr_carea' id='block_1_90' title="bbox 2228 4457 3813 4531">
    <p class='ocr_par' dir='ltr' id='par_1_90' title="bbox 2228 4457 3813 4531">
     <span class='ocr_line' id='line_1_90' title="bbox 2228 4457 3813 4531; baseline -0.001 -18"><span class='ocrx_word' id='word_1_620' title='bbox 2228 4461 2438 4524; x_wconf 80' lang='grc' dir='ltr'>πάντας</span> <span class='ocrx_word' id='word_1_621' title='bbox 2492 4459 2704 4524; x_wconf 81' lang='grc' dir='ltr'>ἁπλῶς,</span> <span class='ocrx_word' id='word_1_622' title='bbox 2735 4458 2827 4524; x_wconf 83' lang='grc' dir='ltr'>οὓς</span> <span class='ocrx_word' id='word_1_623' title='bbox 2881 4460 2949 4514; x_wconf 85' lang='grc' dir='ltr'>ἂν</span> <span class='ocrx_word' id='word_1_624' title='bbox 3007 4461 3154 4531; x_wconf 84' lang='grc' dir='ltr'>ίδητε</span> <span class='ocrx_word' id='word_1_625' title='bbox 3189 4457 3516 4531; x_wconf 86' lang='grc' dir='ltr'>προσιόντας</span> <span class='ocrx_word' id='word_1_626' title='bbox 3547 4457 3813 4525; x_wconf 71' lang='grc' dir='ltr'>ἀναξίως⁷</span> 
     </span>
    </p>
   </div>
   <div class='ocr_carea' id='block_1_91' title="bbox 525 4539 2113 4627">
    <p class='ocr_par' dir='ltr' id='par_1_91' title="bbox 525 4539 2112 4618">
     <span class='ocr_line' id='line_1_91' title="bbox 525 4539 2112 4618; baseline 0.009 -26"><span class='ocrx_word' id='word_1_627' title='bbox 525 4539 808 4609; x_wconf 71' lang='lat' dir='ltr'><strong>expellite,</strong></span> <span class='ocrx_word' id='word_1_628' title='bbox 852 4539 948 4593; x_wconf 89' lang='lat' dir='ltr'><strong>sed</strong></span> <span class='ocrx_word' id='word_1_629' title='bbox 981 4541 1207 4595; x_wconf 81' lang='lat' dir='ltr'><strong>omnino</strong></span> <span class='ocrx_word' id='word_1_630' title='bbox 1240 4557 1433 4599; x_wconf 85' lang='lat' dir='ltr'><strong>omnes</strong></span> <span class='ocrx_word' id='word_1_631' title='bbox 1475 4561 1619 4614; x_wconf 88' lang='lat' dir='ltr'><strong>quos</strong></span> <span class='ocrx_word' id='word_1_632' title='bbox 1669 4548 1894 4618; x_wconf 83' lang='lat' dir='ltr'><strong>indigne</strong></span> <span class='ocrx_word' id='word_1_633' title='bbox 1955 4565 2112 4606; x_wconf 82' lang='lat' dir='ltr'><strong>accc-</strong></span> 
     </span>
    </p>
   </div>
   <div class='ocr_carea' id='block_1_92' title="bbox 2218 4539 3806 4627">
    <p class='ocr_par' dir='ltr' id='par_1_92' title="bbox 2221 4553 3806 4627">
     <span class='ocr_line' id='line_1_92' title="bbox 2221 4553 3806 4627; baseline -0.001 -18"><span class='ocrx_word' id='word_1_634' title='bbox 2221 4556 2434 4627; x_wconf 71' lang='grc' dir='ltr'>Μηδεὶς</span> <span class='ocrx_word' id='word_1_635' title='bbox 2463 4558 2798 4609; x_wconf 80' lang='grc' dir='ltr'>κοινωνείτω</span> <span class='ocrx_word' id='word_1_636' title='bbox 2830 4555 2941 4607; x_wconf 84' lang='grc' dir='ltr'><strong>τῶν</strong></span> <span class='ocrx_word' id='word_1_637' title='bbox 2979 4554 3055 4625; x_wconf 83' lang='grc' dir='ltr'>μὴ</span> <span class='ocrx_word' id='word_1_638' title='bbox 3100 4553 3362 4624; x_wconf 81' lang='grc' dir='ltr'>μαθητῶν</span> <span class='ocrx_word' id='word_1_639' title='bbox 3391 4570 3406 4585; x_wconf 71' lang='grc' dir='ltr'>δ</span> <span class='ocrx_word' id='word_1_640' title='bbox 3445 4554 3635 4624; x_wconf 75' lang='grc' dir='ltr'>μηδεὶς</span> <span class='ocrx_word' id='word_1_641' title='bbox 3667 4556 3806 4624; x_wconf 81' lang='grc' dir='ltr'>λαμ-</span> 
     </span>
    </p>
   </div>
   <div class='ocr_carea' id='block_1_93' title="bbox 526 4630 2113 4708">
    <p class='ocr_par' dir='ltr' id='par_1_93' title="bbox 526 4630 2113 4708">
     <span class='ocr_line' id='line_1_93' title="bbox 526 4630 2113 4708; baseline 0.01 -26"><span class='ocrx_word' id='word_1_642' title='bbox 526 4635 722 4685; x_wconf 79' lang='lat' dir='ltr'><strong>dentes</strong></span> <span class='ocrx_word' id='word_1_643' title='bbox 751 4630 1027 4685; x_wconf 76' lang='lat' dir='ltr'><strong>videritis.</strong></span> <span class='ocrx_word' id='word_1_644' title='bbox 1071 4631 1244 4686; x_wconf 85' lang='lat' dir='ltr'><strong>Nemo</strong></span> <span class='ocrx_word' id='word_1_645' title='bbox 1309 4637 1703 4699; x_wconf 88' lang='lat' dir='ltr'><strong>communicet,</strong></span> <span class='ocrx_word' id='word_1_646' title='bbox 1734 4643 1826 4708; x_wconf 90' lang='lat' dir='ltr'><strong>qui</strong></span> <span class='ocrx_word' id='word_1_647' title='bbox 1869 4656 1980 4694; x_wconf 83' lang='lat' dir='ltr'><strong>non</strong></span> <span class='ocrx_word' id='word_1_648' title='bbox 2038 4643 2113 4698; x_wconf 91' lang='lat' dir='ltr'><strong>sit</strong></span> 
     </span>
    </p>
   </div>
   <div class='ocr_carea' id='block_1_94' title="bbox 526 4723 2110 4802">
    <p class='ocr_par' dir='ltr' id='par_1_94' title="bbox 526 4723 2110 4802">
     <span class='ocr_line' id='line_1_94' title="bbox 526 4723 2110 4802; baseline 0.008 -25"><span class='ocrx_word' id='word_1_649' title='bbox 526 4723 862 4792; x_wconf 88' lang='lat' dir='ltr'><strong>discipulus:</strong></span> <span class='ocrx_word' id='word_1_650' title='bbox 894 4724 1076 4778; x_wconf 90' lang='lat' dir='ltr'><strong>nullus</strong></span> <span class='ocrx_word' id='word_1_651' title='bbox 1098 4725 1334 4794; x_wconf 86' lang='lat' dir='ltr'><strong>accipiat</strong></span> <span class='ocrx_word' id='word_1_652' title='bbox 1360 4727 1552 4794; x_wconf 84' lang='lat' dir='ltr'><strong>Jndas,</strong></span> <span class='ocrx_word' id='word_1_653' title='bbox 1612 4724 1680 4784; x_wconf 89' lang='lat' dir='ltr'><strong>ne</strong></span> <span class='ocrx_word' id='word_1_654' title='bbox 1706 4730 1860 4785; x_wconf 71' lang='lat' dir='ltr'><strong>Judae</strong></span> <span class='ocrx_word' id='word_1_655' title='bbox 1889 4749 2110 4802; x_wconf 74' lang='lat' dir='ltr'><strong>pcenam</strong></span> 
     </span>
    </p>
   </div>
   <div class='ocr_carea' id='block_1_95' title="bbox 525 4811 2114 4890">
    <p class='ocr_par' dir='ltr' id='par_1_95' title="bbox 525 4811 2114 4890">
     <span class='ocr_line' id='line_1_95' title="bbox 525 4811 2114 4890; baseline 0.011 -22"><span class='ocrx_word' id='word_1_656' title='bbox 525 4814 662 4870; x_wconf 81' lang='lat' dir='ltr'><strong>luat.</strong></span> <span class='ocrx_word' id='word_1_657' title='bbox 697 4815 910 4885; x_wconf 87' lang='lat' dir='ltr'><strong>Corpus</strong></span> <span class='ocrx_word' id='word_1_658' title='bbox 932 4815 1137 4872; x_wconf 86' lang='lat' dir='ltr'><strong>Christi</strong></span> <span class='ocrx_word' id='word_1_659' title='bbox 1171 4818 1288 4873; x_wconf 72' lang='lat' dir='ltr'><strong>hsec</strong></span> <span class='ocrx_word' id='word_1_660' title='bbox 1308 4836 1530 4890; x_wconf 88' lang='lat' dir='ltr'><strong>quoque</strong></span> <span class='ocrx_word' id='word_1_661' title='bbox 1558 4824 1853 4880; x_wconf 89' lang='lat' dir='ltr'><strong>multitudo</strong></span> <span class='ocrx_word' id='word_1_662' title='bbox 1876 4811 1983 4882; x_wconf 89' lang='lat' dir='ltr'><strong>cst.</strong></span> <span class='ocrx_word' id='word_1_663' title='bbox 2010 4830 2114 4885; x_wconf 82' lang='lat' dir='ltr'><strong>Ca-</strong></span> 
     </span>
    </p>
   </div>
   <div class='ocr_carea' id='block_1_96' title="bbox 526 4913 2113 4981">
    <p class='ocr_par' dir='ltr' id='par_1_96' title="bbox 526 4913 2113 4981">
     <span class='ocr_line' id='line_1_96' title="bbox 526 4913 2113 4981; baseline 0.011 -22"><span class='ocrx_word' id='word_1_664' title='bbox 526 4916 650 4962; x_wconf 87' lang='lat' dir='ltr'><strong>vete</strong></span> <span class='ocrx_word' id='word_1_665' title='bbox 706 4924 861 4978; x_wconf 85' lang='lat' dir='ltr'><strong>ergo,</strong></span> <span class='ocrx_word' id='word_1_666' title='bbox 919 4925 952 4964; x_wconf 91' lang='lat'><strong>0</strong></span> <span class='ocrx_word' id='word_1_667' title='bbox 1011 4913 1397 4981; x_wconf 71' lang='lat' dir='ltr'><strong>mysteriorum</strong></span> <span class='ocrx_word' id='word_1_668' title='bbox 1453 4915 1716 4981; x_wconf 81' lang='lat' dir='ltr'><strong>ntittiStri,</strong></span> <span class='ocrx_word' id='word_1_669' title='bbox 1754 4933 1825 4971; x_wconf 86' lang='lat' dir='ltr'><strong>ne</strong></span> <span class='ocrx_word' id='word_1_670' title='bbox 1883 4919 2113 4978; x_wconf 83' lang='lat' dir='ltr'><strong>irritelis</strong></span> 
     </span>
    </p>
   </div>
   <div class='ocr_carea' id='block_1_97' title="bbox 523 4998 2112 5084">
    <p class='ocr_par' dir='ltr' id='par_1_97' title="bbox 523 4998 2112 5084">
     <span class='ocr_line' id='line_1_97' title="bbox 523 4998 2112 5084; baseline 0.01 -32"><span class='ocrx_word' id='word_1_671' title='bbox 523 4998 843 5068; x_wconf 84' lang='lat' dir='ltr'><strong>Dominum,</strong></span> <span class='ocrx_word' id='word_1_672' title='bbox 903 5004 947 5056; x_wconf 92' lang='lat' dir='ltr'><strong>si</strong></span> <span class='ocrx_word' id='word_1_673' title='bbox 977 5018 1178 5072; x_wconf 89' lang='lat' dir='ltr'><strong>corpus</strong></span> <span class='ocrx_word' id='word_1_674' title='bbox 1213 5004 1316 5056; x_wconf 86' lang='lat' dir='ltr'><strong>hoc</strong></span> <span class='ocrx_word' id='word_1_675' title='bbox 1343 5021 1450 5058; x_wconf 91' lang='lat' dir='ltr'><strong>non</strong></span> <span class='ocrx_word' id='word_1_676' title='bbox 1478 5007 1809 5073; x_wconf 76' lang='lat' dir='ltr'><strong>purificctis,</strong></span> <span class='ocrx_word' id='word_1_677' title='bbox 1833 5022 1889 5065; x_wconf 90' lang='lat' dir='ltr'><strong>et</strong></span> <span class='ocrx_word' id='word_1_678' title='bbox 1919 5013 1963 5066; x_wconf 91' lang='lat' dir='ltr'><strong>si</strong></span> <span class='ocrx_word' id='word_1_679' title='bbox 1997 5015 2112 5084; x_wconf 88' lang='lat' dir='ltr'><strong>gla-</strong></span> 
     </span>
    </p>
   </div>
   <div class='ocr_carea' id='block_1_98' title="bbox 524 5093 2114 5166">
    <p class='ocr_par' dir='ltr' id='par_1_98' title="bbox 524 5093 2114 5166">
     <span class='ocr_line' id='line_1_98' title="bbox 524 5093 2114 5166; baseline 0.012 -24"><span class='ocrx_word' id='word_1_680' title='bbox 524 5093 676 5145; x_wconf 85' lang='lat' dir='ltr'><strong>dium</strong></span> <span class='ocrx_word' id='word_1_681' title='bbox 726 5109 823 5162; x_wconf 87' lang='lat' dir='ltr'><strong>pro</strong></span> <span class='ocrx_word' id='word_1_682' title='bbox 858 5095 1117 5148; x_wconf 86' lang='lat' dir='ltr'><strong>alimonia</strong></span> <span class='ocrx_word' id='word_1_683' title='bbox 1189 5097 1440 5151; x_wconf 86' lang='lat' dir='ltr'><strong>tradatis.</strong></span> <span class='ocrx_word' id='word_1_684' title='bbox 1520 5099 1625 5153; x_wconf 88' lang='lat' dir='ltr'><strong>Sed</strong></span> <span class='ocrx_word' id='word_1_685' title='bbox 1681 5103 1898 5157; x_wconf 87' lang='lat' dir='ltr'><strong>etiamsi</strong></span> <span class='ocrx_word' id='word_1_686' title='bbox 1972 5107 2114 5166; x_wconf 83' lang='lat' dir='ltr'><strong>forte</strong></span> 
     </span>
    </p>
   </div>
   <div class='ocr_carea' id='block_1_99' title="bbox 523 5187 2114 5268">
    <p class='ocr_par' dir='ltr' id='par_1_99' title="bbox 523 5187 2114 5268">
     <span class='ocr_line' id='line_1_99' title="bbox 523 5187 2114 5268; baseline 0.011 -30"><span class='ocrx_word' id='word_1_687' title='bbox 523 5187 723 5254; x_wconf 85' lang='lat' dir='ltr'><strong>aliquis</strong></span> <span class='ocrx_word' id='word_1_688' title='bbox 748 5188 1308 5257; x_wconf 86' lang='lat' dir='ltr'><strong>iguoranteracccdat</strong></span> <span class='ocrx_word' id='word_1_689' title='bbox 1328 5191 1394 5243; x_wconf 85' lang='lat' dir='ltr'><strong>ad</strong></span> <span class='ocrx_word' id='word_1_690' title='bbox 1424 5191 1647 5261; x_wconf 84' lang='lat' dir='ltr'><strong>indigne</strong></span> <span class='ocrx_word' id='word_1_691' title='bbox 1672 5197 2114 5268; x_wconf 87' lang='lat' dir='ltr'><strong>percipiendum,</strong></span> 
     </span>
    </p>
   </div>
   <div class='ocr_carea' id='block_1_100' title="bbox 520 5277 2112 5354">
    <p class='ocr_par' dir='ltr' id='par_1_100' title="bbox 520 5277 2112 5354">
     <span class='ocr_line' id='line_1_100' title="bbox 520 5277 2112 5354; baseline 0.013 -26"><span class='ocrx_word' id='word_1_692' title='bbox 520 5277 728 5347; x_wconf 85' lang='lat' dir='ltr'><strong>absque</strong></span> <span class='ocrx_word' id='word_1_693' title='bbox 762 5282 874 5334; x_wconf 91' lang='lat' dir='ltr'><strong>ullo</strong></span> <span class='ocrx_word' id='word_1_694' title='bbox 905 5291 1051 5334; x_wconf 84' lang='lat' dir='ltr'><strong>metu</strong></span> <span class='ocrx_word' id='word_1_695' title='bbox 1102 5283 1430 5349; x_wconf 87' lang='lat' dir='ltr'><strong>prohibete:</strong></span> <span class='ocrx_word' id='word_1_696' title='bbox 1467 5285 1634 5338; x_wconf 78' lang='lat' dir='ltr'><strong>Deum</strong></span> <span class='ocrx_word' id='word_1_697' title='bbox 1689 5291 1942 5354; x_wconf 87' lang='lat' dir='ltr'><strong>metuite,</strong></span> <span class='ocrx_word' id='word_1_698' title='bbox 2004 5309 2112 5348; x_wconf 91' lang='lat' dir='ltr'><strong>non</strong></span> 
     </span>
    </p>
   </div>
   <div class='ocr_carea' id='block_1_101' title="bbox 520 5367 2110 5443">
    <p class='ocr_par' dir='ltr' id='par_1_101' title="bbox 520 5367 2110 5443">
     <span class='ocr_line' id='line_1_101' title="bbox 520 5367 2110 5443; baseline 0.013 -23"><span class='ocrx_word' id='word_1_699' title='bbox 520 5367 794 5424; x_wconf 81' lang='lat' dir='ltr'><strong>homines.</strong></span> <span class='ocrx_word' id='word_1_700' title='bbox 833 5371 1032 5442; x_wconf 80' lang='lat' dir='ltr'><strong>Utique</strong></span> <span class='ocrx_word' id='word_1_701' title='bbox 1064 5374 1108 5428; x_wconf 90' lang='lat' dir='ltr'><strong>si</strong></span> <span class='ocrx_word' id='word_1_702' title='bbox 1139 5373 1393 5430; x_wconf 80' lang='lat' dir='ltr'><strong>homines</strong></span> <span class='ocrx_word' id='word_1_703' title='bbox 1446 5379 1772 5443; x_wconf 88' lang='lat' dir='ltr'><strong>metueritis,</strong></span> <span class='ocrx_word' id='word_1_704' title='bbox 1812 5383 1880 5436; x_wconf 86' lang='lat' dir='ltr'><strong>ab</strong></span> <span class='ocrx_word' id='word_1_705' title='bbox 1916 5383 2110 5440; x_wconf 85' lang='lat' dir='ltr'><strong>iisdem</strong></span> 
     </span>
    </p>
   </div>
   <div class='ocr_carea' id='block_1_102' title="bbox 599 5553 1169 5624">
    <p class='ocr_par' dir='ltr' id='par_1_102' title="bbox 599 5553 1169 5624">
     <span class='ocr_line' id='line_1_102' title="bbox 599 5553 1169 5624; baseline 0.009 -18"><span class='ocrx_word' id='word_1_706' title='bbox 599 5553 642 5584; x_wconf 73' lang='lat'><strong>&quot;</strong></span> <span class='ocrx_word' id='word_1_707' title='bbox 665 5553 856 5609; x_wconf 78' lang='lat' dir='ltr'><strong>Matth.</strong></span> <span class='ocrx_word' id='word_1_708' title='bbox 889 5573 1036 5624; x_wconf 75' lang='lat' dir='ltr'><strong>xxw,</strong></span> <span class='ocrx_word' id='word_1_709' title='bbox 1079 5557 1169 5611; x_wconf 80' lang='grc'><strong>18.</strong></span> 
     </span>
    </p>
   </div>
   <div class='ocr_carea' id='block_1_103' title="bbox 589 5694 2104 5774">
    <p class='ocr_par' dir='ltr' id='par_1_103' title="bbox 589 5694 2104 5774">
     <span class='ocr_line' id='line_1_103' title="bbox 589 5694 2104 5774; baseline 0.008 -28"><span class='ocrx_word' id='word_1_710' title='bbox 589 5694 667 5761; x_wconf 75' lang='lat' dir='ltr'><strong>(ll</strong></span> <span class='ocrx_word' id='word_1_711' title='bbox 709 5695 918 5774; x_wconf 58' lang='lat' dir='ltr'><strong>Nempe</strong></span> <span class='ocrx_word' id='word_1_712' title='bbox 950 5697 1198 5774; x_wconf 82' lang='lat' dir='ltr'><strong>loquitur</strong></span> <span class='ocrx_word' id='word_1_713' title='bbox 1228 5695 1357 5774; x_wconf 85' lang='lat' dir='ltr'><strong>illis,</strong></span> <span class='ocrx_word' id='word_1_714' title='bbox 1397 5696 1604 5766; x_wconf 89' lang='lat' dir='ltr'><strong>quibus</strong></span> <span class='ocrx_word' id='word_1_715' title='bbox 1637 5700 1885 5756; x_wconf 82' lang='lat' dir='ltr'><strong>Ecclesia</strong></span> <span class='ocrx_word' id='word_1_716' title='bbox 1913 5700 2104 5758; x_wconf 80' lang='lat' dir='ltr'><strong>divina</strong></span> 
     </span>
    </p>
   </div>
   <div class='ocr_carea' id='block_1_104' title="bbox 519 5769 1336 5833">
    <p class='ocr_par' dir='ltr' id='par_1_104' title="bbox 519 5769 1336 5833">
     <span class='ocr_line' id='line_1_104' title="bbox 519 5769 1336 5833; baseline 0 -15"><span class='ocrx_word' id='word_1_717' title='bbox 519 5769 778 5833; x_wconf 68' lang='lat' dir='ltr'><strong>mysteria</strong></span> <span class='ocrx_word' id='word_1_718' title='bbox 814 5783 920 5820; x_wconf 88' lang='lat' dir='ltr'><strong>nun</strong></span> <span class='ocrx_word' id='word_1_719' title='bbox 961 5769 1336 5822; x_wconf 82' lang='lat' dir='ltr'><strong>interdixerit.</strong></span> 
     </span>
    </p>
   </div>
   <div class='ocr_carea' id='block_1_105' title="bbox 588 5836 2110 5907">
    <p class='ocr_par' dir='ltr' id='par_1_105' title="bbox 588 5836 2110 5907">
     <span class='ocr_line' id='line_1_105' title="bbox 588 5836 2110 5907; baseline 0.007 -17"><span class='ocrx_word' id='word_1_720' title='bbox 588 5836 665 5904; x_wconf 60' lang='grc' dir='ltr'>ιε)</span> <span class='ocrx_word' id='word_1_721' title='bbox 703 5837 914 5892; x_wconf 86' lang='lat' dir='ltr'><strong>Idcirco</strong></span> <span class='ocrx_word' id='word_1_722' title='bbox 964 5844 1015 5892; x_wconf 85' lang='lat' dir='ltr'><strong>in</strong></span> <span class='ocrx_word' id='word_1_723' title='bbox 1045 5839 1294 5907; x_wconf 83' lang='lat' dir='ltr'><strong>picturis,</strong></span> <span class='ocrx_word' id='word_1_724' title='bbox 1331 5838 1511 5896; x_wconf 70' lang='lat' dir='ltr'><strong>misSte</strong></span> <span class='ocrx_word' id='word_1_725' title='bbox 1559 5841 1875 5899; x_wconf 73' lang='lat' dir='ltr'><strong>Grzecorum</strong></span> <span class='ocrx_word' id='word_1_726' title='bbox 1949 5861 2110 5901; x_wconf 86' lang='lat' dir='ltr'><strong>cncr-</strong></span> 
     </span>
    </p>
   </div>
   <div class='ocr_carea' id='block_1_106' title="bbox 2217 4647 3806 4721">
    <p class='ocr_par' dir='ltr' id='par_1_106' title="bbox 2217 4647 3806 4721">
     <span class='ocr_line' id='line_1_106' title="bbox 2217 4647 3806 4721; baseline 0 -21"><span class='ocrx_word' id='word_1_727' title='bbox 2217 4648 2428 4702; x_wconf 78' lang='grc' dir='ltr'>6ανέτω</span> <span class='ocrx_word' id='word_1_728' title='bbox 2468 4648 2693 4713; x_wconf 73' lang='grc' dir='ltr'>Ἰούδας,</span> <span class='ocrx_word' id='word_1_729' title='bbox 2722 4649 2810 4702; x_wconf 80' lang='grc' dir='ltr'>ἵνα</span> <span class='ocrx_word' id='word_1_730' title='bbox 2847 4649 2923 4718; x_wconf 77' lang='grc' dir='ltr'>μὴ</span> <span class='ocrx_word' id='word_1_731' title='bbox 2957 4648 3028 4701; x_wconf 69' lang='grc' dir='ltr'><strong>τὰ</strong></span> <span class='ocrx_word' id='word_1_732' title='bbox 3074 4647 3246 4701; x_wconf 82' lang='grc' dir='ltr'>Ἰούδα</span> <span class='ocrx_word' id='word_1_733' title='bbox 3292 4649 3461 4721; x_wconf 67' lang='grc' dir='ltr'>πάθῃ.</span> <span class='ocrx_word' id='word_1_734' title='bbox 3491 4649 3660 4719; x_wconf 76' lang='grc' dir='ltr'>Σῶμά</span> <span class='ocrx_word' id='word_1_735' title='bbox 3693 4650 3806 4701; x_wconf 73' lang='grc' dir='ltr'>ἑστι</span> 
     </span>
    </p>
   </div>
   <div class='ocr_carea' id='block_1_107' title="bbox 2218 4741 3805 4812">
    <p class='ocr_par' dir='ltr' id='par_1_107' title="bbox 2218 4741 3805 4812">
     <span class='ocr_line' id='line_1_107' title="bbox 2218 4741 3805 4812; baseline -0.001 -16"><span class='ocrx_word' id='word_1_736' title='bbox 2218 4742 2457 4812; x_wconf 80' lang='grc' dir='ltr'>Χριστοῦ</span> <span class='ocrx_word' id='word_1_737' title='bbox 2512 4743 2604 4794; x_wconf 67' lang='grc' dir='ltr'><strong>καὶ</strong></span> <span class='ocrx_word' id='word_1_738' title='bbox 2639 4741 2798 4794; x_wconf 82' lang='grc' dir='ltr'>τοῦτο</span> <span class='ocrx_word' id='word_1_739' title='bbox 2831 4743 2892 4795; x_wconf 77' lang='grc' dir='ltr'>τὸ</span> <span class='ocrx_word' id='word_1_740' title='bbox 2924 4742 3148 4812; x_wconf 78' lang='grc' dir='ltr'>πλῆθος.</span> <span class='ocrx_word' id='word_1_741' title='bbox 3192 4741 3391 4810; x_wconf 73' lang='grc' dir='ltr'>Ὀρᾶτε</span> <span class='ocrx_word' id='word_1_742' title='bbox 3429 4743 3561 4809; x_wconf 80' lang='grc' dir='ltr'>γοῦν</span> <span class='ocrx_word' id='word_1_743' title='bbox 3591 4743 3642 4795; x_wconf 78' lang='grc' dir='ltr'>οἱ</span> <span class='ocrx_word' id='word_1_744' title='bbox 3690 4743 3805 4795; x_wconf 83' lang='grc' dir='ltr'>δια-</span> 
     </span>
    </p>
   </div>
   <div class='ocr_carea' id='block_1_108' title="bbox 2215 4834 3808 4904">
    <p class='ocr_par' dir='ltr' id='par_1_108' title="bbox 2215 4834 3808 4904">
     <span class='ocr_line' id='line_1_108' title="bbox 2215 4834 3808 4904; baseline -0.001 -16"><span class='ocrx_word' id='word_1_745' title='bbox 2215 4834 2538 4904; x_wconf 85' lang='grc' dir='ltr'>κονούμενοι</span> <span class='ocrx_word' id='word_1_746' title='bbox 2585 4837 2698 4898; x_wconf 82' lang='grc' dir='ltr'>τοῖς</span> <span class='ocrx_word' id='word_1_747' title='bbox 2727 4835 3070 4904; x_wconf 79' lang='grc' dir='ltr'>μυστηρίοις,</span> <span class='ocrx_word' id='word_1_748' title='bbox 3105 4835 3183 4904; x_wconf 80' lang='grc' dir='ltr'>μὴ</span> <span class='ocrx_word' id='word_1_749' title='bbox 3213 4834 3560 4904; x_wconf 79' lang='grc' dir='ltr'>παροξύνητε</span> <span class='ocrx_word' id='word_1_750' title='bbox 3589 4835 3686 4888; x_wconf 63' lang='grc' dir='ltr'>τὸν</span> <span class='ocrx_word' id='word_1_751' title='bbox 3711 4838 3808 4887; x_wconf 75' lang='lat' dir='ltr'><strong>As-</strong></span> 
     </span>
    </p>
   </div>
   <div class='ocr_carea' id='block_1_109' title="bbox 2219 4925 3808 4997">
    <p class='ocr_par' dir='ltr' id='par_1_109' title="bbox 2219 4925 3808 4997">
     <span class='ocr_line' id='line_1_109' title="bbox 2219 4925 3808 4997; baseline -0.001 -17"><span class='ocrx_word' id='word_1_752' title='bbox 2219 4927 2450 4995; x_wconf 85' lang='grc' dir='ltr'>σπότην,</span> <span class='ocrx_word' id='word_1_753' title='bbox 2474 4927 2575 4980; x_wconf 80' lang='grc' dir='ltr'>οὐκ</span> <span class='ocrx_word' id='word_1_754' title='bbox 2603 4926 3033 4996; x_wconf 80' lang='grc' dir='ltr'>ἐκκαθαίροντες</span> <span class='ocrx_word' id='word_1_755' title='bbox 3062 4927 3123 4978; x_wconf 76' lang='grc' dir='ltr'><strong>τὸ</strong></span> <span class='ocrx_word' id='word_1_756' title='bbox 3157 4927 3323 4997; x_wconf 84' lang='grc' dir='ltr'>σῶμα</span> <span class='ocrx_word' id='word_1_757' title='bbox 3353 4934 3526 4992; x_wconf 75' lang='grc' dir='ltr'>τουτ“-,</span> <span class='ocrx_word' id='word_1_758' title='bbox 3550 4930 3624 4997; x_wconf 81' lang='grc' dir='ltr'>μὴ</span> <span class='ocrx_word' id='word_1_759' title='bbox 3657 4925 3808 4995; x_wconf 67' lang='grc' dir='ltr'>ξίφος</span> 
     </span>
    </p>
   </div>
   <div class='ocr_carea' id='block_1_110' title="bbox 2217 5015 3810 5088">
    <p class='ocr_par' dir='ltr' id='par_1_110' title="bbox 2217 5015 3810 5088">
     <span class='ocr_line' id='line_1_110' title="bbox 2217 5015 3810 5088; baseline -0.001 -17"><span class='ocrx_word' id='word_1_760' title='bbox 2217 5019 2356 5071; x_wconf 82' lang='grc' dir='ltr'>δῶτε</span> <span class='ocrx_word' id='word_1_761' title='bbox 2396 5017 2526 5070; x_wconf 77' lang='grc' dir='ltr'>ἀντὶ</span> <span class='ocrx_word' id='word_1_762' title='bbox 2559 5016 2769 5088; x_wconf 79' lang='grc' dir='ltr'>τροφῆς</span> <span class='ocrx_word' id='word_1_763' title='bbox 2793 5035 2811 5050; x_wconf 74' lang='grc' dir='ltr'><strong><em>σ</em></strong></span> <span class='ocrx_word' id='word_1_764' title='bbox 2835 5015 2973 5070; x_wconf 84' lang='grc' dir='ltr'>ἀλλὰ</span> <span class='ocrx_word' id='word_1_765' title='bbox 3019 5017 3126 5072; x_wconf 76' lang='grc' dir='ltr'>κᾶν</span> <span class='ocrx_word' id='word_1_766' title='bbox 3151 5019 3256 5070; x_wconf 79' lang='grc' dir='ltr'><strong>ὑπὸ</strong></span> <span class='ocrx_word' id='word_1_767' title='bbox 3302 5017 3524 5085; x_wconf 81' lang='grc' dir='ltr'>ἀγνοίας</span> <span class='ocrx_word' id='word_1_768' title='bbox 3549 5018 3699 5081; x_wconf 80' lang='grc' dir='ltr'>τινὲς</span> <span class='ocrx_word' id='word_1_769' title='bbox 3724 5018 3810 5088; x_wconf 76' lang='grc' dir='ltr'><strong>ἕρ-</strong></span> 
     </span>
    </p>
   </div>
   <div class='ocr_carea' id='block_1_111' title="bbox 2219 5110 3809 5182">
    <p class='ocr_par' dir='ltr' id='par_1_111' title="bbox 2219 5110 3809 5182">
     <span class='ocr_line' id='line_1_111' title="bbox 2219 5110 3809 5182; baseline -0.002 -18"><span class='ocrx_word' id='word_1_770' title='bbox 2219 5127 2430 5181; x_wconf 81' lang='grc' dir='ltr'>χωνται</span> <span class='ocrx_word' id='word_1_771' title='bbox 2488 5111 2812 5179; x_wconf 73' lang='grc' dir='ltr'>μεθέξοντες</span> <span class='ocrx_word' id='word_1_772' title='bbox 2863 5110 3121 5175; x_wconf 77' lang='grc' dir='ltr'>ἀναξίως,</span> <span class='ocrx_word' id='word_1_773' title='bbox 3153 5111 3457 5178; x_wconf 82' lang='grc' dir='ltr'>κωλύσατε,</span> <span class='ocrx_word' id='word_1_774' title='bbox 3509 5111 3580 5182; x_wconf 79' lang='grc' dir='ltr'>μὴ</span> <span class='ocrx_word' id='word_1_775' title='bbox 3637 5113 3809 5178; x_wconf 73' lang='grc' dir='ltr'>φοδηο</span> 
     </span>
    </p>
   </div>
   <div class='ocr_carea' id='block_1_112' title="bbox 2217 5199 3810 5272">
    <p class='ocr_par' dir='ltr' id='par_1_112' title="bbox 2217 5199 3810 5272">
     <span class='ocr_line' id='line_1_112' title="bbox 2217 5199 3810 5272; baseline 0 -20"><span class='ocrx_word' id='word_1_776' title='bbox 2217 5201 2352 5270; x_wconf 85' lang='grc' dir='ltr'>θῆτε</span> <span class='ocrx_word' id='word_1_777' title='bbox 2379 5217 2394 5232; x_wconf 89' lang='grc'><strong>·</strong></span> <span class='ocrx_word' id='word_1_778' title='bbox 2427 5200 2708 5270; x_wconf 76' lang='grc' dir='ltr'>φοϐήθητε</span> <span class='ocrx_word' id='word_1_779' title='bbox 2739 5199 2832 5253; x_wconf 77' lang='grc' dir='ltr'>τὸν</span> <span class='ocrx_word' id='word_1_780' title='bbox 2883 5200 3040 5266; x_wconf 72' lang='grc' dir='ltr'>Θεὸν,</span> <span class='ocrx_word' id='word_1_781' title='bbox 3085 5201 3160 5271; x_wconf 80' lang='grc' dir='ltr'>μὴ</span> <span class='ocrx_word' id='word_1_782' title='bbox 3214 5201 3554 5272; x_wconf 77' lang='grc' dir='ltr'>ἀνθρώπους.</span> <span class='ocrx_word' id='word_1_783' title='bbox 3586 5203 3687 5253; x_wconf 82' lang='grc' dir='ltr'>Ἂν</span> <span class='ocrx_word' id='word_1_784' title='bbox 3713 5217 3810 5269; x_wconf 63' lang='grc' dir='ltr'>φοι</span> 
     </span>
    </p>
   </div>
   <div class='ocr_carea' id='block_1_113' title="bbox 2219 5293 3810 5364">
    <p class='ocr_par' dir='ltr' id='par_1_113' title="bbox 2219 5293 3810 5364">
     <span class='ocr_line' id='line_1_113' title="bbox 2219 5293 3810 5364; baseline -0.001 -18"><span class='ocrx_word' id='word_1_785' title='bbox 2219 5293 2426 5364; x_wconf 74' lang='grc' dir='ltr'>ϐηθῆτε</span> <span class='ocrx_word' id='word_1_786' title='bbox 2455 5294 2808 5363; x_wconf 78' lang='grc' dir='ltr'>ἀνθρώπους,</span> <span class='ocrx_word' id='word_1_787' title='bbox 2833 5295 2928 5345; x_wconf 70' lang='grc' dir='ltr'><strong>καὶ</strong></span> <span class='ocrx_word' id='word_1_788' title='bbox 2971 5293 3065 5346; x_wconf 74' lang='grc' dir='ltr'><strong>ὑπ’</strong></span> <span class='ocrx_word' id='word_1_789' title='bbox 3093 5294 3278 5347; x_wconf 82' lang='grc' dir='ltr'>αὐτῶν</span> <span class='ocrx_word' id='word_1_790' title='bbox 3325 5293 3810 5364; x_wconf 72' lang='grc' dir='ltr'>καταγελασθήσε-</span> 
     </span>
    </p>
   </div>
   <div class='ocr_carea' id='block_1_114' title="bbox 2223 5384 3813 5458">
    <p class='ocr_par' dir='ltr' id='par_1_114' title="bbox 2223 5384 3813 5458">
     <span class='ocr_line' id='line_1_114' title="bbox 2223 5384 3813 5458; baseline 0.001 -17"><span class='ocrx_word' id='word_1_791' title='bbox 2223 5389 2319 5441; x_wconf 87' lang='grc' dir='ltr'><strong>σθε</strong></span> <span class='ocrx_word' id='word_1_792' title='bbox 2339 5403 2354 5419; x_wconf 83' lang='lat'><strong><em>°</em></strong></span> <span class='ocrx_word' id='word_1_793' title='bbox 2381 5387 2447 5442; x_wconf 83' lang='grc' dir='ltr'>ἂν</span> <span class='ocrx_word' id='word_1_794' title='bbox 2470 5387 2525 5440; x_wconf 76' lang='grc' dir='ltr'>δὲ</span> <span class='ocrx_word' id='word_1_795' title='bbox 2539 5388 2631 5440; x_wconf 83' lang='grc' dir='ltr'>τὸν</span> <span class='ocrx_word' id='word_1_796' title='bbox 2660 5386 2816 5454; x_wconf 64' lang='grc' dir='ltr'>Θεὸν,</span> <span class='ocrx_word' id='word_1_797' title='bbox 2838 5387 2933 5440; x_wconf 71' lang='grc' dir='ltr'>καὶ</span> <span class='ocrx_word' id='word_1_798' title='bbox 2962 5387 3275 5458; x_wconf 84' lang='grc' dir='ltr'>ἀνθρώποις</span> <span class='ocrx_word' id='word_1_799' title='bbox 3297 5387 3567 5458; x_wconf 79' lang='grc' dir='ltr'>αίδέσιμοι</span> <span class='ocrx_word' id='word_1_800' title='bbox 3591 5384 3813 5442; x_wconf 66' lang='grc' dir='ltr'>ἔσεσθε.</span> 
     </span>
    </p>
   </div>
   <div class='ocr_carea' id='block_1_115' title="bbox 2223 5701 3812 5781">
    <p class='ocr_par' dir='ltr' id='par_1_115' title="bbox 2223 5701 3812 5781">
     <span class='ocr_line' id='line_1_115' title="bbox 2223 5701 3812 5781; baseline 0.002 -23"><span class='ocrx_word' id='word_1_801' title='bbox 2223 5710 2444 5777; x_wconf 69' lang='lat' dir='ltr'><strong>gumeni</strong></span> <span class='ocrx_word' id='word_1_802' title='bbox 2479 5711 2584 5764; x_wconf 91' lang='lat' dir='ltr'><strong>sub</strong></span> <span class='ocrx_word' id='word_1_803' title='bbox 2620 5711 2883 5767; x_wconf 60' lang='lat' dir='ltr'><strong>daemonis</strong></span> <span class='ocrx_word' id='word_1_804' title='bbox 2935 5712 3120 5781; x_wconf 81' lang='lat' dir='ltr'><strong>specie</strong></span> <span class='ocrx_word' id='word_1_805' title='bbox 3154 5708 3327 5768; x_wconf 85' lang='lat' dir='ltr'><strong>sacris</strong></span> <span class='ocrx_word' id='word_1_806' title='bbox 3358 5707 3569 5764; x_wconf 67' lang='lat' dir='ltr'><strong>aedibus</strong></span> <span class='ocrx_word' id='word_1_807' title='bbox 3591 5701 3812 5761; x_wconf 75' lang='lat' dir='ltr'><strong>divino-</strong></span> 
     </span>
    </p>
   </div>
   <div class='ocr_carea' id='block_1_116' title="bbox 2225 5784 3024 5853">
    <p class='ocr_par' dir='ltr' id='par_1_116' title="bbox 2225 5784 3024 5853">
     <span class='ocr_line' id='line_1_116' title="bbox 2225 5784 3024 5853; baseline 0.003 -19"><span class='ocrx_word' id='word_1_808' title='bbox 2225 5795 2333 5850; x_wconf 88' lang='lat' dir='ltr'><strong>quc</strong></span> <span class='ocrx_word' id='word_1_809' title='bbox 2367 5784 2629 5853; x_wconf 75' lang='lat' dir='ltr'><strong>mysterio</strong></span> <span class='ocrx_word' id='word_1_810' title='bbox 2649 5784 3024 5853; x_wconf 76' lang='lat' dir='ltr'><strong>expelluntur.</strong></span> 
     </span>
    </p>
   </div>
  </div>
