4074 6476
369 347 475 410 9ὒο

1718 340 2055 400 ETHICON
2099 292 2266 401 vin.

3533 324 3633 381 9’71!

370 466 469 517 Δια
497 462 659 517 τοῦτο)
700 461 775 532 μὴ
817 460 1213 530 συγχωρήσητε
1274 456 1448 511 ταῦτα
1481 454 1812 526 τολμᾶσθαι.
1849 456 1959 522 Τῆς

2075 450 2470 506 ἱττίιιυὺὶιιιίιιίς
2530 448 2616 500 sin
2670 444 2851 516 potius
2904 444 3093 504 Deum,
3147 439 3460 495 hominibus
3506 437 3641 505 ipsis

368 556 554 628 ψυχῆς
616 556 843 617 ἕκαστος
899 553 1056 622 ὑμῶν
1110 552 1407 621 ἀποστήτω
1462 549 1753 620 πρότερον,
1788 548 1822 618 ἢ
1858 546 1953 601 τοῦ

373 649 631 717 σώματος
668 646 947 715 μεταδότω
976 643 1072 697 τοῦ
1111 640 1450 696 Δεσποτικοῦ
1479 640 1613 708 παρ’
1639 640 1795 707 ἀξίαν
1820 655 1834 668 ο
1863 640 1958 691 καὶ

368 740 430 792 τὸ
454 734 594 809 αἷμα
645 742 706 790 τδ
757 735 958 789 ἑαυτοῦ
994 735 1235 804 προῖέτω
1267 733 1557 803 πρότερον,
1593 732 1626 802 ἢ
1680 730 1961 800 μεταδότω

372 832 605 899 αἵματος
649 829 794 884 οὕτω
833 828 1141 899 φρικώδους
1188 827 1344 896 παρά
1377 826 1440 879 τὸ
1483 825 1782 897 προσῆκον.
1812 825 1872 876 Ei
1904 823 1963 876 δὲ

372 921 613 991 ἠγνόησέ
663 936 748 980 τις
796 920 889 972 τὸν
936 917 1161 986 φαῦλον,
1196 915 1373 970 πολλά
1424 914 1960 985 περιεργασάμενος,

373 1014 528 1067 οὐδὲν
562 1012 818 1081 ἔγκλημα
842 1028 857 1043 ο
889 1010 1060 1064 ταῦτα
1090 1010 1199 1079 γάρ
1249 1025 1342 1078 μοι
1375 1010 1504 1077 περὶ
1539 1006 1648 1060 τῶν
1677 1005 1856 1076 δήλων
1882 1006 1962 1059 εῖ-

379 1120 564 1171 ρηται.
597 1102 696 1153 ’Ἂν
731 1095 826 1154 οὖν
859 1101 986 1162 τοὺς
1013 1099 1330 1168 γνωρίμους
1360 1097 1469 1149 τῶν
1497 1098 1720 1164 φαύλων
1743 1094 1968 1166 διορθώ-

378 1210 533 1262 σητε,
556 1192 652 1244 καὶ
676 1190 802 1255 τοὺς
836 1190 1096 1259 ἀγνῶτας
1125 1188 1335 1259 ταχέως
1361 1186 1490 1254 ὑμῖν
1512 1189 1540 1238 6
1564 1186 1696 1249 Θεὸς
1719 1186 1962 1253 γνωριεῖ.

377 1285 477 1338 Ἂν
512 1285 569 1336 δὲ
599 1282 828 1345 τούτους
874 1282 1100 1349 ἐάσητε,
1125 1278 1286 1341 ⁸τινος
1316 1279 1507 1333 ἕνεκεν
1550 1279 1682 1347 ὑμῖν
1721 1276 1967 1338 ἐκείνους

378 1376 651 1446 φανεροὺς
673 1377 892 1443 ποιήσει
911 1374 1097 1426 λοιπόν
1118 1390 1134 1439 ;
1161 1371 1348 1426 Ταῦτα
1363 1371 1509 1433 λέγω
1532 1371 1631 1439 οὐχ
1657 1369 1743 1422 ἵνα
1767 1368 1965 1437 ἀπείρ-

379 1487 541 1538 γητε,
595 1469 708 1523 οὐδ’
765 1468 853 1521 ίνα
907 1467 1215 1535 ὲκτέμνητε
1250 1465 1436 1534 μόνον,
1468 1463 1583 1516 ἀλλ’
1613 1463 1701 1515 ἵνα
1740 1459 1970 1531 διορθώ-

383 1577 574 1625 ante;
611 1560 998 1629 ὲπαναγάγητε
1027 1574 1039 1589 ·
1082 1557 1226 1611 οὕτω
1261 1557 1367 1625 γὰρ
1403 1558 1495 1609 καὶ
1530 1556 1621 1608 τὸν
1649 1555 1783 1608 Θεὸν
1810 1554 1967 1607 ἵλεων

381 1654 554 1718 ἕξετε,
583 1653 677 1705 καὶ
705 1649 936 1712 πολλοὺς
958 1651 1087 1712 τοὺς
1108 1650 1228 1703 κατ’
1253 1648 1412 1713 ἀξίαν
1448 1646 1969 1716 μεταλαμϐάνοντας

382 1747 669 1816 εὑρήσετε,
705 1744 799 1797 καὶ
848 1745 947 1812 τῆς
984 1741 1197 1802 οἰκείας
1238 1739 1496 1807 σπουδῆς,
1548 1740 1644 1792 καὶ
1700 1738 1802 1806 τῆς
1839 1740 1969 1806 περὶ

2067 538 2365 595 venerandi
2396 537 2572 592 eritis.
2606 536 2734 590 ideo
2766 551 2832 589 ne
2889 532 3176 604 patiamini
3208 529 3517 601 hujusmodi
3545 543 3643 580 au-

2065 648 2179 686 sus.
2209 616 2421 684 Animae
2451 629 2686 698 quisque
2755 642 2866 681 suae
2900 626 3082 695 potius
3141 620 3438 682 renuntiet,
3484 634 3645 689 titiam

2065 724 2410 778 Dominicum
2440 736 2641 788 corpus
2669 728 2859 774 contra
2905 699 3226 787 dignitatem
3257 713 3472 769 tradat:
3527 727 3651 766 san-

2066 816 2287 887 guinem
2317 815 2550 884 quisque
2590 828 2751 868 suum
2800 819 2927 866 ante
2984 810 3256 881 prodigat,
3316 822 3479 878 quam
3515 806 3651 859 adeo

2068 905 2413 960 tremendum
2449 908 2771 976 sanguinem
2813 912 3005 961 contra
3029 902 3109 956 fas
3138 899 3336 956 tradat.
3386 897 3543 966 Quod
3605 897 3648 950 si

2068 996 2271 1066 aliquis
2292 996 2570 1051 hominem
2608 1006 2953 1066 peccatorem
2999 991 3353 1065 ignoraverit,
3395 989 3652 1060 quamvis

2070 1104 2403 1160 magnopere
2425 1090 2807 1159 vestigaverit,
2834 1088 2983 1144 nulla
3002 1086 3175 1157 ipsius
3195 1085 3352 1154 culpa
3374 1082 3500 1143 erit.
3529 1081 3656 1135 llaec

2068 1180 2214 1233 enim
2248 1195 2346 1235 nos
2377 1179 2443 1235 de
2475 1179 2775 1235 manifestis
2813 1179 2981 1234 locuti
3005 1193 3216 1233 sumus.
3253 1176 3370 1229 .lam
3404 1174 3457 1231 si
3495 1180 3655 1226 notos

2070 1278 2392 1339 peccatores
2411 1270 2858 1327 emendaveritis.
2876 1270 3060 1324 statim
3086 1269 3301 1338 ignotos
3320 1280 3538 1341 quoque
3558 1279 3653 1317 vu-

2071 1360 2158 1416 bis
2208 1363 2352 1416 Deus
2384 1363 2671 1418 revelabit.
2702 1362 2860 1429 Quod
2896 1362 2941 1416 si
2977 1362 3096 1416 illos
3130 1359 3393 1415 accedere
3430 1356 3656 1427 permit-

2072 1452 2224 1515 tatis,
2244 1468 2344 1508 cur
2359 1455 2471 1524 jam
2496 1452 2741 1522 reliquos
2764 1452 2924 1508 vobis
2945 1452 3089 1506 Deus
3107 1450 3422 1506 manifestet
3439 1449 3461 1502 ?
3478 1453 3656 1517 Atque

2071 1544 2189 1599 hac
2211 1544 2318 1608 aio,
2342 1555 2531 1600 utnon
2553 1546 2790 1602 arceatis
2815 1545 3197 1600 tantummodo
3214 1543 3296 1599 vel
3325 1540 3656 1612 praecidatis,

2072 1637 2168 1691 sed
2212 1647 2271 1692 ut
2312 1639 2635 1694 emendatos
2682 1639 2981 1694 reducatis.
3035 1639 3126 1692 Sic
3175 1636 3323 1690 enim
3378 1642 3435 1688 et
3483 1634 3655 1687 Deum

2073 1729 2368 1799 propitium
2391 1729 2687 1794 habebitis,
2704 1739 2759 1786 et
2783 1731 2983 1786 multos
3001 1730 3163 1798 digne
3182 1727 3657 1784 communicantes

382 1801 516 1899 τους.
545 1801 738 1897 ἄλλους
774 1801 1097 1904 ἐπιμελείας
1132 1801 1305 1885 πολὺν
1342 1801 1689 1900 ἀπολήψεσθε
1725 1801 1817 1881 τδν
1876 1801 1967 1898 μ-ι-

2075 1823 2445 1891 comperietis,
2478 1832 2534 1876 et
2556 1831 2749 1878 vestrae
2782 1823 3116 1885 sedulitatis,
3162 1829 3328 1891 atque
3363 1835 3489 1890 erga
3516 1818 3658 1872 alios

382 1929 534 1985 σθόν.

451 2026 557 2073 ad.
594 2017 954 2081 Ἐτιπάντες
984 2016 1034 2069 oi
1066 2015 1232 2086 ίερεῖς
1274 2015 1368 2068 καὶ
1412 2015 1441 2068 6
1489 2015 1621 2077 λαὸς
1667 2015 1756 2066 διὰ
1804 2031 1971 2067 σπου-

380 2112 482 2182 δῆς
523 2109 816 2179 ποιώμεθα
858 2106 1087 2173 πολλῆς,
1138 2106 1281 2159 ὥστε
1339 2105 1479 2175 μετὰ
1520 2107 1620 2175 τὴν
1665 2106 1819 2176 ἱερὰν
1874 2109 1971 2159 καὶ

385 2201 622 2271 φρικτὴν
648 2199 859 2270 ταύτην
888 2197 1196 2270 τράπεζαν,
1230 2196 1307 2266 μὴ
1342 2197 1479 2264 πρὸς
1510 2195 1685 2266 μέθην
1719 2198 1813 2249 καὶ
1840 2214 1970 2267 τρυ-

385 2294 493 2364 φὴν
518 2293 744 2354 ἑαυτοὺς
799 2290 1101 2344 ἐκδιδόναι·
1138 2293 1187 2342 εί
1239 2289 1348 2357 γὰρ
1391 2288 1651 2340 οὐδέποτε
1689 2289 1800 2357 χρὴ
1842 2306 1972 2358 τρυ-

386 2384 517 2454 ιρᾷν,
553 2384 648 2436 καὶ
685 2380 848 2436 τοῦτο
894 2382 922 2433 6
963 2379 1174 2443 Παῦλος
1212 2379 1482 2449 ἐδήλωσεν
1513 2378 1704 2439 είπὼν,
1743 2397 1761 2429 (
1813 2380 1876 2431 Ἦ
1913 2381 1970 2432 δὲ

389 2473 727 2529 σπαταλῶσα
776 2473 928 2539 ζῶσα
973 2472 1225 2541 τέθνηκε,
1278 2491 1297 2523 ι
1345 2469 1526 2540 πολλῷ
1576 2472 1778 2540 μᾶλλον
1829 2472 1971 2539 μετά

383 2566 485 2636 τὴν
533 2565 643 2620 τῶν
704 2565 1024 2635 μυστηρίων
1075 2564 1363 2617 κοινωνίαν
1390 2578 1403 2592 θ
1445 2564 1505 2615 οὐ
1553 2565 1662 2633 γὰρ
1695 2563 1784 2616 διὰ
1814 2566 1972 2617 τοῦτο

382 2656 687 2725 ἐγενόμεθα
741 2656 833 2709 καὶ
882 2656 1089 2725 ζῶμεν,
1136 2654 1225 2708 ἵνα
1283 2654 1551 2725 φάγωμεν
1600 2656 1691 2706 καὶ
1729 2655 1971 2723 πίωμεν,

384 2749 521 2802 ἀλλὰ
540 2749 603 2800 τὸ
628 2751 823 2817 φαγεῖν
854 2748 945 2801 διὰ
978 2748 1038 2800 τὸ
1064 2747 1164 2817 ζῇν
1192 2747 1421 2815 γέγονεν
1452 2746 1511 2811 ἐξ
1542 2749 1740 2818 ἀρχῆς.
1777 2747 1972 2817 ⁹Ημεῖς

381 2840 441 2896 δὲ
490 2841 567 2903 ώς
612 2840 701 2893 διὰ
746 2838 909 2894 τοῦτο
959 2840 1210 2902 ἐλθόντες
1257 2842 1339 2902 εἰς
1366 2840 1484 2892 ’τὸν
1527 2839 1758 2908 κόσμον,
1794 2839 1972 2904 οὕτως

381 2935 464 2995 εἰς
514 2934 675 2986 τοῦτο
706 2933 886 2985 πάντα
928 2932 1407 3000 καταναλίσκομεν
1429 2969 1444 2993 ,
1479 2930 1577 2983 καὶ
1623 2932 1764 3000 μετά
1798 2931 1970 3001 μέθης

382 3030 493 3081 ἀπὸ
540 3027 644 3096 τῆς
675 3028 945 3097 αἰσθητῆς
992 3026 1343 3095 ἀνιστάμεθα
1372 3026 1678 3095 τραπέζης,
1723 3025 1971 3096 μηδόλως

2071 1926 2220 1965 cura;
2251 1914 2478 1966 multam
2528 1913 2778 1968 referetis
2826 1914 3159 1968 mercedem.

2145 2004 2235 2059 21.
2271 2004 2505 2076 insuper
2538 2005 2719 2061 cuncti
2759 2005 3075 2060 sacerdotes
3111 2019 3175 2059 ac
3231 2004 3469 2075 p0pnlns
3501 2002 3659 2056 valde

2073 2096 2415 2162 Studeamus,
2474 2114 2543 2152 ne
2599 2099 2725 2167 quis
2758 2106 2884 2167 post
2941 2112 3156 2152 sacrum
3205 2096 3660 2164 tretnendumque

2073 2191 2406 2256 convivium,
2445 2190 2699 2246 ebrietati
2729 2201 2786 2245 et
2809 2190 3042 2245 luxuriae
3071 2205 3129 2244 se
3179 2189 3362 2244 dedat.
3413 2188 3547 2243 Nam
3588 2188 3658 2252 si,

2074 2295 2352 2350 nunquam
2382 2281 2649 2336 luxuriari
2689 2290 2946 2351 oportere
2972 2282 3135 2355 docet
3179 2280 3380 2335 Paulus
3431 2279 3656 2333 dicens:

2082 2392 2099 2423 ι
2136 2373 2268 2440 Quae
2291 2383 2476 2428 autem
2504 2375 2558 2428 in
2587 2375 2801 2431 deliciis
2833 2385 2936 2438 est,
2960 2375 3147 2429 vivens
3168 2382 3382 2429 mortua
3406 2379 3492 2428 est
3511 2372 3554 2405 “
3581 2390 3596 2437 ;
3638 2393 3657 2424 ι

2075 2469 2251 2521 multo
2282 2466 2335 2520 id
2366 2469 2546 2524 minus
2586 2477 2709 2537 post
2740 2466 3132 2538 mysteriorum
3191 2465 3660 2521 communionem.

2074 2558 2193 2613 Non
2223 2559 2368 2615 enim
2392 2559 2588 2616 adhoc
2621 2559 2733 2615 nati
2768 2575 2958 2615 sumus
2984 2569 3040 2615 et
3064 2559 3319 2623 vivimus,
3354 2566 3415 2611 ut
3434 2556 3666 2611 mandu-

2076 2665 2267 2708 cemus
2321 2667 2387 2706 ac
2421 2652 2824 2717 bibamus,‘sed
2861 2652 2985 2708 ideo
3025 2651 3368 2707 comedimus
3419 2661 3478 2704 ut
3519 2649 3665 2703 viva-

2075 2758 2197 2800 mus
2218 2761 2243 2796 :1
2262 2745 2465 2814 quippe
2492 2745 2637 2800 haud
2668 2744 2851 2800 vivere
2879 2755 2937 2799 ut
2966 2759 3276 2810 vescamur,
3300 2743 3398 2798 sed
3422 2742 3571 2797 vesci
3604 2750 3665 2796 ut

2075 2836 2349 2901 vivamus,
2413 2836 2598 2906 prisco
2645 2837 2774 2905 jure
2855 2845 3122 2892 statutum
3175 2844 3279 2892 est.
3332 2835 3447 2891 Nos
3503 2850 3660 2899 vero,

2076 2927 2232 2997 quasi
2263 2928 2331 2982 ad
2361 2929 2643 2999 crapulam
2682 2930 2736 2982 in
2768 2930 3035 2984 mundum
3095 2929 3432 2994 venerimus,
3463 2940 3661 2983 cuncta

2074 3018 2135 3075 in
2187 3020 2336 3087 illam
2388 3020 2753 3086 absumimus,
2794 3019 3045 3090 ebriique
3077 3035 3106 3073 a
3148 3018 3421 3074 materiali
3474 3035 3664 3074 mensa

382 3117 799 3187 δνθυμούμενοι,
850 3117 928 3180 ὡς
983 3119 1012 3170 ό
1072 3118 1213 3187 μετὰ
1282 3118 1382 3188 τὴν
1440 3117 1726 3186 τράπεζαν
1777 3118 1970 3189 καιρὸς

2076 3112 2393 3184 surgimus:
2423 3113 2647 3169 minime
2678 3123 3021 3184 reputantes,
3079 3112 3225 3182 quod
3266 3121 3392 3182 post
3419 3127 3664 3167 mensam

381 3210 739 3279 εὐχαριστίας
787 3210 905 3261 ἐστὶ
963 3209 1057 3262 καὶ
1088 3207 1276 3278 ὓμνων
1309 3209 1502 3276 καιρός
1531 3224 1544 3238 ·
1581 3209 1672 3263 τὸν
1715 3209 1772 3262 δὲ
1804 3211 1970 3280 εὐχα-

384 3303 679 3371 ριστοῦντα
732 3302 855 3371 οὐχὶ
907 3300 1130 3369 μεθύειν
1174 3298 1376 3370 χρεὼν,
1410 3299 1527 3352 ἀλλ’
1563 3302 1969 3371 ὲγρηγορέναιυ

379 3395 410 3447 6
441 3395 553 3464 γὰρ
598 3391 760 3446 τοῦτο
810 3392 1219 3463 ἐνθυμούμενος
1255 3391 1386 3445 ὅταν
1432 3391 1529 3444 ἐπὶ
1556 3393 1842 3463 τραπέζης
1872 3411 1975 3447 κα-

383 3484 528 3554 θίσῃ,
571 3485 655 3538 ὅτι
709 3482 849 3554 μετὰ
887 3483 986 3554 τὴν
1027 3482 1312 3551 τράπεζαν
1352 3482 1517 3534 αὐτὸν
1565 3480 1824 3553 εὔχεσθαι
1870 3484 1971 3550 δεῖ,

383 3574 719 3644 συμμέτρως
755 3574 1034 3643 ἐμπλήσει
1065 3573 1165 3641 τὴν
1197 3572 1461 3642 γαστέρα,
1492 3573 1581 3627 ἵνα
1630 3575 1704 3643 μὴ
1742 3573 1975 3646 βαρυνό-

384 3682 547 3735 μενος
576 3657 709 3735 γόνυ
752 3665 936 3719 κλῖναι
969 3665 1308 3736 ἀδυνατήσῃ,
1343 3668 1439 3717 καὶ
1469 3666 1564 3717 τὸν
1613 3665 1749 3719 Θεὸν
1787 3684 1970 3735 παρα-

382 3757 636 3823 καλέσαι,
670 3756 972 3810 κάντεῦθεν
1018 3757 1246 3825 γένηται
1309 3758 1404 3810 καὶ
1450 3757 1559 3810 τῶν
1593 3757 1807 3825 ἀλόγων
1847 3759 1973 3811 ἀλοο

378 3848 646 3918 γώτιρος.
676 3850 739 3903 Εἰ
767 3852 875 3920 γὰρ
903 3851 1090 3903 ἐκεῖνα
1120 3852 1261 3919 μετά
1288 3850 1388 3921 τὴν
1415 3852 1627 3921 φάτνην
1653 3852 1974 3920 ὁδοιπορίας

381 3942 620 3997 ἅπτεται
664 3943 760 3994 καὶ
798 3942 1120 4012 ἀχθοφορεῖ,
1152 3942 1250 3994 καὶ
1277 3941 1378 4012 τὴν
1409 3941 1624 3999 οἰκείαν
1653 3941 1973 4013 ἀποπληροῖ

381 4033 689 4097 διακονίαν,
721 4034 841 4097 πῶς
871 4037 972 4086 οὐκ
1001 4033 1333 4104 ἀτιμότερος
1360 4033 1454 4086 καὶ
1486 4033 1668 4087 αὐτῶν
1699 4033 1803 4088 τῶν
1836 4034 1975 4088 ὄνων

378 4124 414 4175 ὀ
449 4122 590 4191 μετά
618 4122 719 4193 τὴν
748 4122 1031 4192 τράπεζαν
1062 4123 1339 4194 ἄχρηστος
1364 4123 1657 4194 ἄνθρωπος
1691 4127 1831 4195 πρὸς
1861 4127 1974 4180 πᾶν

381 4214 549 4284 ἔργον
583 4217 679 4268 καὶ
717 4214 1116 4284 ἀνεπιτήδειος,
1160 4216 1249 4267 ὅτε
1300 4216 1540 4284 μάλιστα
1587 4219 1784 4288 νήφειν
1828 4221 1972 4292 χρή;

385 4308 499 4362 Καὶ
541 4307 651 4377 γὰρ
691 4307 772 4360 ὅτι
805 4306 944 4376 μετὰ
970 4306 1070 4373 τὴν
1109 4305 1355 4360 ἑστίασιν
1390 4308 1487 4378 οὐχ
1527 4307 1696 4363 ὕπνον
1725 4311 1847 4365 οὐδὲ
1882 4312 1977 4365 εὐ-

380 4401 508 4471 νὴν,
567 4400 684 4453 ἀλλ’
743 4399 913 4469 εὐχὰς
969 4399 1065 4451 καὶ
1122 4399 1286 4452 θείων
1342 4399 1581 4470 Γραφῶν
1644 4403 1972 4470 ἀνάγνωσιν,

381 4492 538 4562 ἡμᾶς
571 4490 916 4561 διαδέχεσθαι
973 4489 1102 4567 χρὴ,
1133 4488 1296 4545 τοῦτο
1328 4495 1669 4562 σαφέστερον
1701 4494 1973 4562 ἐδήλωσεν

379 4588 414 4639 6
440 4585 679 4654 Χριστός
704 4600 718 4615 ·
753 4585 821 4637 τὰ
856 4582 990 4651 γοῦν
1015 4583 1223 4653 ἄπειρα
1255 4583 1441 4654 πλήθη
1470 4584 1594 4637 τότε
1627 4586 1892 4650 ἑστιάσας
1916 4590 1975 4642 έν
2012 4638 2017 4643 .

379 4679 451 4749 τῇ
482 4679 696 4747 ἐρήμῳ,
722 4677 825 4730 οὐκ
854 4678 951 4729 ἐπὶ
975 4677 1169 4746 κλίνην
1199 4678 1400 4739 αὐτοὺς
1437 4677 1709 4748 ἐπεμψεν,
1738 4679 1854 4733 ἀλλ’
1882 4682 1978 4736 ἐπὶ

382 4767 541 4823 θείαν
580 4769 851 4838 ἀκρόασιν
881 4767 1113 4822 ἐκάλεσε
1149 4767 1349 4836 λογίων
1373 4784 1387 4798 ο
1436 4769 1499 4821 οὐ
1542 4769 1653 4841 γὰρ
1689 4770 1975 4843 διέρρηξεν

390 4858 570 4912 αὐτῶν
597 4860 697 4921 τὰς
720 4857 1014 4928 γαστέρας,
1043 4856 1166 4910 οὐδὲ
1197 4856 1278 4918 είς
1306 4855 1485 4926 μέθην
1527 4858 1809 4928 ἐνέϐαλεν,
1836 4863 1975 4917 ἀλλά

392 4950 691 5022 πληρώσας
734 4949 917 5002 αὐτῶν
951 4949 1050 5020 τὴν
1100 4950 1314 5019 χρείαν,
1352 4950 1492 5020 πρὸς
1538 4950 1637 5021 τήν
1670 4969 1976 5025 πνευματι-

388 5047 496 5108 κήν
550 5037 656 5111 ἦγε
711 5046 943 5111 τροφήν.
977 5038 1137 5093 Οὕτω
1184 5042 1278 5095 καὶ
1343 5043 1507 5112 ἡμεῖς
1564 5044 1832 5115 ποιῶμεν,
1880 5050 1975 5101 καὶ

387 5135 645 5188 τοσοῦτον
690 5122 973 5198 ἐθίσαντες
1020 5134 1249 5197 ἑαυτοὺς
1303 5134 1511 5189 ἐσθίειν
1551 5138 1678 5190 ὅσον
1732 5143 1870 5208 πρὸς
1915 5142 1976 5195 τὸ

388 5224 490 5294 ζῇν
536 5225 719 5294 μόνον,
763 5225 862 5294 οὐχ
906 5224 1033 5278 ὅσον
1073 5225 1415 5279 διασπᾶσθαι
1458 5227 1554 5279 καὶ
1596 5228 1931 5299 βαρύνεσθαι
1958 5247 1974 5263 ο

390 5319 485 5371 καί
514 5319 746 5372 πάντοτε
790 5317 891 5387 μὲν
922 5317 1032 5371 ἀπὸ
1058 5317 1159 5386 τῆς
1202 5318 1491 5389 τραπέζης
1542 5322 1619 5391 μὴ
1657 5322 1752 5376 ἐπὶ
1780 5323 1974 5394 κλίνην

388 5415 504 5466 ἀλλ’
541 5414 627 5468 ἐπ’
657 5413 823 5484 εὐχὴν
849 5413 1189 5484 τρεπώμεθα
1222 5412 1320 5484 (1).

465 5555 508 5587 ³⁸
541 5555 557 5608 ι
591 5553 736 5608 Tim.
768 5570 820 5619 v,
851 5554 907 5606 6.
985 5552 1029 5584 ¹⁶
1062 5552 1197 5607 Luc.
1237 5567 1312 5616 ix,
1350 5552 1433 5607 18.

470 5717 545 5786 (l)
577 5720 673 5774 Est
703 5720 965 5772 hodierna
993 5698 1215 5787 quoque
1240 5716 1585 5772 consueludu
1620 5719 1672 5771 in
1698 5718 1967 5788 religiosis

394 5789 687 5854 sodalitiis,
748 5802 806 5843 ut
851 5800 975 5858 post
1037 5803 1282 5842 mensam
1324 5788 1394 5841 ad
1447 5789 1779 5843 adorandum
1827 5793 1963 5846 bre-

716 5883 987 5947 Ρλτίιοι.
1021 5886 1138 5946 GR,
1184 5883 1439 5947 CXLIX.

2078 3211 2296 3275 tempus
2356 3204 2691 3275 agendarum
2739 3206 3040 3276 gratiarum
3067 3212 3125 3257 et
3156 3204 3488 3275 hymnorum
3522 3212 3664 3259 tem—

2076 3312 2180 3366 pus
2207 3297 2312 3353 sit:
2347 3312 2512 3368 porro
2534 3313 2687 3364 eum,
2719 3298 2811 3367 qui
2845 3298 3051 3367 gratias
3074 3297 3206 3367 agit,
3260 3297 3412 3353 haud
3439 3297 3658 3353 ebrium

2076 3406 2198 3446 esse
2237 3399 2493 3461 oportere
2525 3389 2621 3445 sed
2655 3398 3061 3457 experrectum.
3096 3387 3232 3443 Nam
3284 3391 3373 3459 qui
3412 3389 3668 3445 conside-

2078 3491 2184 3548 ret,
2238 3481 2368 3537 dum
2395 3496 2599 3537 mensa:
2647 3480 2948 3542 accumbit,
2996 3478 3113 3532 fore
3150 3487 3209 3533 ut
3241 3489 3362 3548 post
3416 3491 3662 3534 mensam

2074 3589 2268 3644 preces
2302 3573 2468 3640 dicat,
2496 3573 2543 3627 is
2569 3573 2786 3628 modice
2842 3582 3090 3628 ventrem
3138 3571 3408 3642 implebit,
3439 3588 3507 3626 ne
3540 3573 3667 3626 cibo

2076 3674 2332 3733 gravatus
2361 3680 2505 3735 genu
2539 3663 2763 3720 ﬂectere
2786 3673 3043 3733 nequeat,
3068 3672 3125 3718 et
3155 3662 3326 3719 Deum
3359 3665 3620 3718 invocare
3648 3681 3664 3726 ;

2076 3770 2242 3830 atque
2292 3758 2419 3814 hinc
2472 3759 2565 3812 ﬁat
2620 3758 2799 3813 brutis
2853 3757 3247 3811 irrationalior.
3300 3757 3434 3811 Nam
3465 3758 3511 3812 si
3568 3758 3664 3833 illa

2078 3860 2201 3922 post
2225 3866 2489 3922 praisepe,
2524 3850 2630 3906 iter
2669 3849 3076 3919 ingrediuntur,
3128 3858 3183 3903 ct
3222 3864 3390 3904 onera
3451 3848 3664 3916 ferunt,

2077 3953 2134 3998 et
2158 3942 2440 4014 proprium
2472 3940 2843 3997 ministerium
2880 3938 3164 4001 exhibent.
3193 3939 3387 4010 quidni
3414 3941 3484 3995 sit
3530 3941 3667 4011 ipsis

2078 4036 2250 4091 asinis
2300 4034 2774 4105 contemptibilior
2819 4033 2985 4088 homo
3033 4041 3156 4102 post
3189 4049 3433 4087 mensam
3489 4033 3667 4087 cuivis

2078 4126 2230 4196 operi
2282 4125 2503 4196 ineptus
2559 4135 2618 4180 et
2681 4125 2976 4195 impotens,
3017 4114 3141 4178 cum
3201 4132 3381 4178 tamen
3430 4126 3667 4179 maxime

2077 4228 2459 4292 experrectum
2485 4233 2607 4275 esse
2635 4207 2901 4288 oportet?
2938 4215 3070 4271 Nam
3110 4215 3257 4286 quod
3296 4224 3418 4285 post
3451 4216 3663 4279 cibum,

2078 4311 2225 4367 haud
2251 4325 2447 4367 somno
2486 4309 2572 4363 vel
2603 4307 2794 4371 cubili,
2836 4306 2931 4362 sed
2965 4305 3226 4376 precibus
3257 4313 3314 4358 et
3345 4303 3663 4358 divinarum

2080 4406 2491 4475 Scripturarum
2528 4398 2756 4456 lectioni
2793 4398 3096 4454 vacandum
3154 4396 3323 4462 sit,id
3375 4395 3668 4466 perspicue

2081 4497 2324 4556 ostendit
2352 4494 2630 4560 Christus,
2679 4493 2926 4563 quicum
2969 4490 3315 4544 innumeram
3351 4487 3667 4542 multitudi-

2081 4605 2207 4644 nem
2240 4590 2294 4642 in
2321 4586 2543 4643 deserto
2568 4586 2828 4656 pavisset,
2866 4596 3215 4652 nequaquam
3241 4580 3308 4636 ad
3336 4580 3540 4635 lectum
3568 4594 3666 4633 eos

2082 4683 2255 4750 misit,
2288 4680 2383 4738 sed
2418 4679 2485 4735 ad
2516 4678 2763 4734 divinam
2794 4676 3147 4732 oraculorum
3173 4677 3428 4730 acroasin
3460 4674 3540 4726 “z
3572 4687 3668 4725 nee

2081 4791 2188 4844 que
2213 4775 2437 4830 illorum
2459 4781 2682 4827 ventres
2710 4771 2835 4826 cibo
2865 4770 3098 4839 dirupit,
3147 4767 3243 4823 sed
3278 4768 3520 4836 ipsorum
3569 4780 3667 4820 ex-

2082 4866 2228 4936 pleta
2261 4865 2589 4921 necessitate
2623 4862 2690 4916 ad
2726 4862 3031 4932 spiritalem
3080 4876 3262 4917 escam
3296 4858 3531 4915 vocavit.
3575 4857 3669 4912 Sic

2085 4971 2312 5027 agamus
2337 4964 2393 5013 et
2437 4971 2562 5023 nos,
2622 4965 2789 5024 atque
2843 4964 3075 5010 eatenus
3119 4959 3337 5008 nosmet
3372 4949 3666 5006 comedere

2085 5049 2540 5114 assuefaciamus,
2603 5039 2876 5115 quatenus
2930 5028 3057 5099 vita:
3117 5039 3499 5098 tantummodo
3541 5055 3667 5093 sus-
3713 5060 3721 5067 -

2086 5138 2359 5193 tentanda
2388 5154 2530 5207 opus
2552 5146 2658 5203 est,
2687 5151 2798 5190 non
2830 5133 3216 5205 dirumpendis
3242 5129 3544 5186 stomacliis
3568 5139 3668 5183 aut

2083 5232 2406 5302 gravandis:
2449 5239 2613 5299 atque
2638 5228 2862 5285 omnino
2895 5244 2926 5283 a
2974 5242 3164 5282 mensa
3196 5239 3305 5280 non
3331 5223 3398 5278 ad
3433 5224 3661 5290 lectum,

2084 5322 2180 5377 sed
2214 5323 2280 5376 ad
2340 5336 2533 5391 preces
2572 5331 2936 5375 transeamus.

2078 5723 2218 5774 viter
2273 5723 2325 5803 in
2387 5724 2589 5794 templo
2626 5723 2708 5779 vel
2763 5721 2963 5778 sacello
3016 5718 3419 5774 Euciiarislian‘.
3479 5719 3668 5776 cuncti

2067 5805 2416 5848 conveniant.

3260 5884 3331 5943 31
