4074 6474
491 351 596 417 971

1648 340 2043 403 THEODCRI
2096 333 2653 397 ΜΕῌΤΕΝΙΟΤᾹΞ

3654 338 3754 402 972

564 466 665 520 22.
697 463 803 521 Sed
831 473 1012 519 tamen
1048 462 1322 535 praecipue
1345 468 1467 532 post
1498 455 1909 522 tremendorum
1953 467 2072 522 per-

2253 446 2361 516 xf3'.
2392 446 2644 499 Μάλιστα
2686 445 2746 500 δὲ
2792 446 2902 501 τῶν
2943 449 3194 519 φρικτῶν
3244 452 3613 522 μετασχόντες
3658 471 3756 519 μυ-

491 559 802 629 ceptionem
826 554 1237 628 mysteriorum,
1264 554 1338 608 ita
1358 567 1455 607 nos
1478 563 1734 619 geramus
1763 564 1776 612 ;
1805 544 2076 613 siquidem

494 651 627 706 illud
688 650 922 704 maxime
951 658 1168 717 tempus
1208 642 1529 701 sobrietatis
1588 654 1651 693 ac
1705 634 1898 709 jejunii
1968 643 2074 687 est.

492 740 628 794 Nam
659 739 703 794 si
740 737 832 809 qui
864 735 1131 805 optimum
1167 732 1370 803 aliquid
1422 742 1658 801 pransus
1698 724 1890 790 fuerit,
1921 728 2080 775 cavet

398 894 405 902 η
491 842 679 902 postea
711 846 779 884 ne
815 844 926 900 quo
954 828 1099 882 malo
1128 825 1316 881 edulio
1347 821 1502 893 prius
1557 816 1692 874 illud
1718 822 2076 882 corrumpat:

438 959 443 967 ε
491 926 665 997 multo
691 923 873 977 minus
896 918 988 989 qui
1024 918 1229 990 Spiritu
1265 924 1455 988 pastus
1478 912 1604 979 fuit,
1631 909 1862 980 alogiam
1894 906 2078 997 facere

428 1002 437 1007 ’
491 993 659 1085 (ἰοὶ)οῂ
689 1020 743 1064 et
767 1007 1065 1079 crapulari.
1094 1021 1275 1076 neque
1305 1004 1580 1059 satanicas
1610 999 1904 1055 admittere
1939 993 2080 1049 deli-

490 1102 623 1157 cias.
642 1096 959 1171 Cogitemus
984 1098 1114 1169 quid
1134 1097 1404 1153 Dominus
1416 1092 1702 1162 discipulis
1725 1089 1949 1151 dixerit,
1968 1101 2078 1156 quo

492 1208 742 1265 tempore
781 1194 1188 1250 sanctissimum
1221 1205 1420 1260 corpus
1454 1202 1612 1242 suum
1642 1184 2080 1254 sanguinemqne

491 1288 796 1358 pra-hebat.
827 1287 921 1342 Ait
956 1287 1145 1340 enim:
1186 1282 1333 1337 tlloc
1364 1280 1528 1335 facite
1559 1278 1611 1332 in
1641 1278 2080 1332 meam'comme-

496 1379 883 1435 morationem.
914 1397 930 1429 ι
964 1375 1181 1442 Quibus
1205 1371 1391 1427 verbis
1411 1383 1633 1423 causam
1662 1364 1822 1421 nobis
1839 1361 2077 1434 aperuit,

490 1487 590 1525 cur
616 1469 667 1523 id
707 1466 1030 1540 mysterium
1067 1461 1397 1529 tradiderit;
1426 1471 1481 1516 et
1515 1468 1715 1532 praeter
1736 1457 1894 1521 alias,
1940 1456 2081 1509 hanc

493 1575 736 1629 quoque,
790 1557 984 1628 pietati
1019 1555 1315 1611 suadenda:
1343 1556 1479 1608 satis
1505 1552 1784 1614 idoneam,
1830 1547 2080 1617 assigna-

492 1654 595 1716 vit,
626 1662 685 1707 ut
723 1659 1042 1722 reputantes
1075 1649 1211 1720 quid
1244 1649 1419 1702 nostri
1451 1645 1625 1717 gratia
1653 1658 1848 1714 passus
1911 1638 2082 1695 fuerit.

500 1743 784 1804 Dominus.
806 1740 1263 1812 temperantiores
1280 1747 1403 1809 post
1415 1735 1860 1792 communionem
1882 1731 2078 1786 simus.

496 1836 724 1905 insuper
756 1835 923 1890 etiam
953 1828 1390 1896 consideremus,
1416 1828 1549 1900 quid
1585 1826 1800 1898 egerint
1839 1821 2079 1895 apostoli

493 1937 617 2000 post
640 1943 920 1985 sacrarum
945 1940 1227 1982 cannarum
1258 1922 1764 1995 participationem.
1785 1918 1981 1975 Nonne
2011 1913 2079 1969 ad

496 2036 687 2092 preces
719 2030 774 2076 et
814 2018 1166 2092 hymnndias.
1217 2026 1273 2073 et
1310 2029 1495 2071 sacras
1525 2021 1638 2070 tota
1671 2021 1833 2067 nocte
1863 2006 2082 2078 vigilias

493 2112 744 2166 conversi
769 2111 936 2164 sunt?
956 2108 1150 2163 Nonne
1174 2107 1241 2162 ad
1271 2106 1416 2161 illam
1439 2104 1707 2176 prolixam
1733 2098 2080 2160 concionem,

495 2205 776 2273 multaque
806 2200 1206 2257 redundantem
1234 2199 1324 2270 pia
1348 2194 1644 2252 doctrina?
1673 2192 1887 2262 Quippe
1917 2203 2084 2261 gran-

494 2296 585 2349 dia
618 2305 674 2349 et
704 2295 1080 2362 inexSpcetata
1123 2299 1255 2345 tunc
1285 2289 1395 2345 illis
1446 2286 1706 2357 exposuit
1731 2294 1897 2353 atque
1925 2298 2083 2339 man-

495 2387 663 2451 davit,
710 2386 841 2440 dom
874 2386 1097 2440 interim
1150 2382 1321 2440 Judas
1353 2382 1423 2438 ad
1461 2382 1584 2436 illos
1611 2380 1884 2436 vocandos
1913 2379 2084 2452 protl-

497 2483 811 2535 ciscclsatur
840 2480 933 2549 qui
968 2492 1096 2534 eum
1126 2476 1444 2533 cruciﬁxuri
1482 2483 1662 2531 erant.
1692 2474 1764 2529 At
1797 2475 1944 2529 enim
1981 2488 2084 2529 nos

497 2580 625 2623 ante
679 2568 902 2639 quidem
963 2566 1378 2637 perceptionem
1428 2564 1780 2637 jejunamus,
1831 2571 1895 2618 ut
1941 2577 2084 2632 quo-

500 2662 806 2717 tnotlolihct
837 2659 1230 2716 communione
1261 2657 1408 2730 digni
1441 2655 1751 2714 videamur.
1785 2658 2083 2727 Postquam

498 2771 628 2809 vero
671 2753 1040 2824 percepimus,
1072 2766 1198 2808 cum
1237 2759 1520 2821 oporteret
1552 2749 1913 2807 sobrietatem
1954 2764 2087 2807 cou-

497 2846 734 2911 tinuare,
766 2845 979 2900 frenum
1015 2858 1178 2899 omne
1205 2841 1516 2914 abjicimus.
1543 2842 1706 2913 Atqui
1743 2855 1928 2898 nonne
1960 2855 2087 2912 per-

408 2998 425 3015 ‘
497 2940 624 2993 inde
687 2948 769 2990 est
804 2932 956 2991 ante
1018 2934 1469 2990 communionem
1516 2945 1643 2991 esse
1688 2931 1973 2996 sobrium,
2021 2945 2087 2988 ac

498 3041 624 3100 post
656 3027 850 3082 illam?
884 3026 1031 3083 Sane
1078 3034 1314 3095 utroque
1346 3025 1406 3077 in
1454 3033 1698 3095 tempore
1729 3022 2084 3078 sobrietatem

2184 536 2449 607 στηρίων,
2501 533 2661 589 τοῦτο
2716 535 2991 607 ποιῶμεν,
3028 538 3265 611 ἐπείπερ
3308 541 3337 593 ό
3386 541 3509 595 τότε
3566 543 3757 612 καιρὸς

2181 629 2401 696 vivi/stoc
2457 627 2693 696 μάλιστα
2747 628 2847 681 καὶ
2900 630 3156 700 νηστείας
3202 634 3419 703 καιρός.
3469 632 3534 688 El
3577 635 3688 706 γὰρ
3731 636 3759 690 ὸ

2179 720 2497 789 ἠριστηκὼς
2548 737 2601 772 τι
2634 721 2873 791 χρηστὸν
2920 721 3113 776 ἑαυτὸν
3164 723 3459 792 φυλάσσει,
3490 724 3633 779 ὥστε
3684 727 3757 797 μὴ

2183 809 2359 881 ἑτέρῳ
2400 810 2665 876 ἐδέσματι
2696 810 2947 882 πονηρῷ
2995 811 3348 882 λυμήνασθαι
3378 814 3438 868 τὺ
3471 813 3756 886 πρότερον,

2183 900 2364 971 πολλῷ
2400 901 2603 971 μᾶλλον
2644 902 2673 954 ὀ
2702 900 2928 972 Πνεῦμα
2960 902 3235 967 ἑστιαθεὶς
3269 904 3371 958 οὐκ
3399 904 3606 974 ὀφείλει
3656 922 3758 958 πα-

2180 998 2385 1062 ροινεῖν
2449 995 2886 1065 καὶνκωμάζειν,
2920 995 3045 1049 οὐδὲ
3094 995 3401 1067 σατανικὴν
3441 997 3755 1065 ἐπεισάγειν

2180 1087 2416 1158 τρυφήν.
2448 1087 2827 1157 Ἐννοήσωμεν
2876 1089 2934 1141 τί
2977 1083 3131 1142 εἶπεν
3165 1089 3193 1141 ό
3229 1088 3435 1159 Κύριος
3479 1092 3594 1152 τοῖς
3648 1080 3787 1159 μα-’

2182 1180 2395 1251 θηταῖς,
2439 1182 2503 1235 τὸ
2550 1183 2822 1251 πανάγιον
2864 1183 3027 1252 σῶμα
3079 1183 3175 1235 καὶ
3224 1181 3286 1235 τδ
3323 1176 3465 1252 αἷμα
3515 1183 3577 1235 τὸ
3625 1163 3798 1235 ίδιονδ

2184 1274 2446 1344 παρέχων
2469 1291 2483 1306 ·
2520 1267 2646 1327 εἷπε
2693 1274 2824 1345 γὰρ,
2864 1293 2882 1325 ι
2918 1270 3092 1326 Τοῦτο
3129 1272 3339 1325 ποιεῖτε
3366 1273 3447 1334 είς
3483 1272 3582 1342 τὴν
3618 1270 3756 1341 ἐμὴν
3796 1272 3811 1314 ἐ

2180 1365 2493 1435 ἀνάμνησιν
2519 1381 2533 1398 ·
2573 1383 2592 1419 ε
2631 1365 2732 1435 τὴν
2763 1365 2947 1419 αἰτίαν
2977 1365 3109 1435 ἡμῖν
3141 1364 3503 1418 ἑκκαλύπτων
3535 1366 3635 1435 τῆς
3662 1361 3756 1417 τοῦ

2186 1458 2487 1530 μυστηρίου
2517 1459 2738 1525 δόσεως,
2771 1459 2866 1513 καὶ
2900 1460 3040 1529 μετὰ
3072 1460 3182 1512 τῶν
3219 1459 3524 1512 ἄλλωνκαῖ
3554 1457 3758 1527 ταύτην

2182 1548 2324 1603 εἶναι
2366 1551 2540 1618 λέγων
2590 1551 2870 1623 ἀρκοῦσαν
2922 1554 3055 1623 ἡμῖν
3100 1553 3184 1616 εἰς
3234 1552 3524 1615 εὐλαϐείας
3568 1551 3762 1606 ὑπόθε-

2184 1658 2290 1710 σιν,
2319 1643 2393 1705 ὡς
2433 1643 2500 1697 ἂν
2526 1643 2698 1706 οὕτως
2729 1643 3128 1714 ὲνῦυμούμενοι
3166 1643 3222 1698 τί
3252 1644 3489 1698 πέπονθε
3523 1643 3590 1697 δι’
3614 1644 3759 1715 ἡμᾶς

2182 1737 2211 1787 ὁ
2270 1736 2572 1806 Δεσπότης,
2630 1734 3068 1806 φιλοσοφώτεροι
3129 1735 3270 1806 μετὰ
3320 1735 3422 1806 τὴν
3474 1735 3761 1789 κοινωνίαν

2184 1826 2543 1897 ὐπάρχωμεν.
2565 1826 2945 1897 Ἐννοήσωμεν
2977 1827 3074 1880 σὺν
3100 1825 3277 1898 τούτῳ
3301 1826 3396 1879 καὶ
3417 1825 3473 1878 τί
3496 1826 3761 1894 ἐποίησαν

2183 1922 2233 1975 οἱ
2287 1921 2581 1975 ἀπόστολοι
2630 1922 2720 1974 ὅτε
2777 1921 3078 1991 μετέλαϐον
3120 1923 3227 1975 τῶν
3287 1920 3451 1992 ἱερῶν
3501 1919 3760 1972 δείπνων.

2183 2014 2319 2086 Οὐχὶ
2348 2016 2427 2078 είς
2456 2015 2625 2085 εὐχὰς
2651 2013 2970 2082 ἐτράπησαν
3000 2015 3096 2068 καὶ
3127 2013 3411 2084 ύμνῳδίας
3436 2014 3533 2067 καὶ
3562 2029 3762 2066 παννυ-

2182 2105 2338 2178 χίδας
2392 2105 2584 2176 ίερὰς;
2640 2106 2764 2176 οὐχὶ
2816 2108 2898 2170 είς
2961 2106 3315 2160 διδασκαλίαν
3377 2105 3478 2177 τὴν
3542 2103 3758 2175 μακρὰν

2183 2198 2402 2269 ἐκείνην
2436 2199 2538 2254 καὶ
2578 2198 2787 2268 πολλῆς
2825 2199 3109 2269 γέμουσαν
3157 2197 3514 2268 φιλοσοφίαςς
3545 2197 3626 2249 Τὰ
3652 2197 3759 2264 γὰρ

2187 2291 2400 2363 μεγάλα
2428 2291 2522 2344 καὶ
2556 2290 2843 2360 παράδοξα
2878 2288 3002 2344 τότε
3037 2292 3223 2352 αὐτοῖς
3250 2290 3495 2360 διηγεῖτο
3537 2288 3635 2341 καὶ
3664 2304 3763 2340 πα-

2187 2384 2525 2456 ρήγγελλεν,
2578 2384 2911 2447 ἀπελθόντος
2965 2382 3062 2439 τοῦ
3118 2382 3295 2437 Ἰούδα
3348 2382 3579 2436 καλέσαι
3636 2381 3762 2442 τοὺς

2189 2476 2485 2546 μέλλοντας
2536 2476 2703 2530 αὑτδν
2754 2475 3048 2544 σταυροῦν.
3086 2473 3280 2545 Ἡμεῖς
3335 2474 3392 2527 δὲ
3445 2474 3608 2544 πρινὴ
3666 2472 3761 2542 μὲν

2190 2571 2612 2643 μεταλάϐωμεν,
2665 2569 3023 2641 νηστεύομεν,
3074 2569 3160 2622 ἵνα
3217 2570 3366 2630 ὅπως
3422 2569 3615 2636 δήποτε
3663 2566 3761 2633 τῆς

2186 2663 2478 2726 κοινωνίας
2525 2661 2669 2727 ἄξιοι
2720 2662 3021 2732 φανῶμεν·
3070 2662 3202 2716 ὅταν
3251 2661 3305 2713 δὲ
3341 2659 3762 2730 μεταὶάεωμεν,

2187 2756 2307 2810 δέον
2350 2758 2500 2827 ἡμᾶς
2545 2757 2816 2809 ἐπιτεῖναι
2857 2755 2958 2825 τὴν
2994 2753 3373 2825 σωφροσύνην,
3408 2753 3581 2805 πάντα
3631 2753 3763 2804 suo.

2187 2848 2409 2919 λύομεν.
2440 2847 2635 2901 Καίτοι
2683 2862 2747 2915 γε
2792 2846 2892 2900 οῦκ
2945 2845 3096 2900 ἐστιν
3137 2846 3253 2899 ῐσον
3300 2844 3411 2913 πρὸ
3454 2843 3647 2896 τούτου
3673 2842 3763 2912 νή-

2189 2956 2330 3010 φειν,
2357 2939 2455 2992 καὶ
2505 2937 2646 3010 μετὰ
2688 2936 2901 3004 ταῦτα;
2933 2937 3016 2990 δεῖ
3069 2937 3171 3007 μὲν
3208 2938 3318 3008 γὰρ
3364 2937 3611 3006 ἑκατέρῳ
3662 2952 3766 2988 σω-

2191 3033 2434 3103 φρονεῖν,
2477 3030 2715 3103 μάλιστα
2740 3030 2797 3086 δὲ
2825 3029 2967 3102 μετὰ
2996 3029 3058 3083 τὸ
3088 3029 3346 3096 δέξασθαι
3374 3028 3465 3082 τὸν
3488 3028 3721 3097 νυμφ²ον
3744 3040 3761 3057 ·

496 3133 718 3194 oportet
762 3122 1103 3186 observare;
1147 3120 1422 3190 praecipue
1475 3125 1658 3174 tamen
1707 3127 1826 3201 post
1882 3114 2082 3186 Sponsi

2188 3123 2296 3195 πρὸ
2342 3123 2534 3178 τούτου
2578 3124 2698 3195 μὲν,
2741 3123 2830 3180 ινα
2877 3123 3020 3189 ἄξιοι
3062 3121 3356 3192 γενώμεθα
3400 3119 3495 3175 τοῦ
3539 3120 3763 3183 λαϐεῖν,

497 3216 872 3288 receptionem
906 3230 920 3270 :
961 3222 1123 3269 antea
1153 3212 1432 3277 videlicet,
1475 3221 1536 3267 ut
1581 3210 1733 3280 digni
1784 3208 2085 3265 etliciamur
2135 3283 2146 3297 ι

500 3311 753 3380 recipere
776 3324 813 3363 τ’
836 3316 1028 3378 postea
1056 3319 1210 3369 vero.
1266 3319 1337 3359 ne
1370 3303 1580 3373 indigni
1621 3303 1689 3357 iis
1715 3315 1837 3377 quae
1867 3300 2085 3372 recepi-

500 3417 624 3457 mus
658 3413 1043 3470 appareamus.

570 3494 662 3549 23.
696 3493 836 3559 Quid
877 3491 1047 3560 ergo?
1080 3490 1221 3547 Num
1247 3491 1606 3562 jejunandum
1634 3499 1719 3547 est
1746 3501 1870 3572 post
1893 3507 2088 3562 perce—

500 3581 792 3654 ptionem?
826 3580 948 3635 Non
985 3580 1036 3634 id
1071 3580 1181 3645 aio,
1237 3594 1416 3649 neque
1451 3593 1629 3649 cogo:
1656 3579 1979 3651 praeclarum
2032 3578 2088 3634 id

501 3689 723 3745 quoque
767 3672 929 3737 foret,
965 3681 1343 3727 verumtamen
1393 3670 1505 3725 vim
1536 3696 1537 3699 η
1566 3686 1673 3725 nou
1740 3670 1939 3737 infero,
1991 3671 2088 3726 sed

500 3766 693 3820 hortor
727 3779 796 3819 ne
826 3763 1127 3819 insatiabili
1161 3763 1399 3832 crapula:
1458 3761 1809 3829 indulgeatis.
1850 3761 1987 3816 Nam
2041 3761 2090 3817 si

499 3862 629 3915 vino
657 3857 914 3928 occupati
954 3872 1022 3912 ne
1055 3857 1234 3910 amico
1264 3853 1488 3924 quidem
1515 3867 1812 3908 occurrere
1846 3866 2091 3923 unquam

499 3952 786 4015 vellemus,
820 3965 932 4020 quo
953 3958 1113 4018 pacto
1148 3947 1427 4000 Christum
1463 3944 1612 4000 intus
1641 3945 1929 4010 habentes,
1967 3953 2092 4000 tan-

501 4056 609 4100 tam
666 4042 1067 4113 superiujicere
1127 4039 1453 4095 ebrietatem
1541 4037 1858 4092 audemus?
1911 4051 2094 4107 neque

499 4135 979 4206 perhorrescimus
1032 4143 1229 4203 panem
1265 4131 1393 4184 vitae
1444 4130 1756 4199 percipere,
1804 4137 1861 4183 et
1901 4129 2096 4186 mortis

499 4244 667 4298 opera
705 4225 932 4281 facere?
972 4238 1216 4278 mensam
1253 4221 1461 4278 Christi
1498 4231 1743 4290 gustare,
1799 4229 1856 4275 et
1881 4220 1974 4275 illo
2004 4221 2095 4276 die

500 4318 798 4387 crapulari,
835 4331 946 4386 quo
970 4316 1153 4385 lingua
1183 4321 1407 4383 tangere
1457 4325 1654 4367 carnes
1705 4310 1854 4366 illius
1901 4310 2093 4365 datum

2189 3217 2331 3288 μετὰ
2369 3216 2428 3270 δὲ
2472 3215 2668 3285 ταῦτα,
2706 3216 2795 3271 ἴνα
2842 3216 2921 3288 μὴ
2966 3216 3178 3284 ἀνάξιοι
3220 3210 3299 3270 ὧν
3338 3213 3605 3285 ἐλάϐομεν
3661 3231 3765 3283 φα-

2187 3326 2395 3381 νωμεν.

2260 3489 2368 3559 κγ’.
2402 3489 2469 3544 Τί
2502 3488 2629 3557 oin);
2664 3487 2971 3560 Νηστεύειν
2999 3488 3083 3543 δεῖ
3126 3488 3266 3560 μετὰ
3298 3488 3359 3542 τὸ
3409 3488 3764 3560 μεταλαϐεἶνς

2192 3582 2268 3634 Οὐ
2299 3582 2442 3650 λέγω
2472 3581 2652 3645 τοῦτο,
2686 3580 2808 3634 οὐδὲ
2837 3580 3245 3649 καταναγκάςω
3274 3596 3288 3613 ο
3333 3579 3501 3634 καλὸν
3530 3579 3628 3649 μὲν
3660 3578 3768 3647 γὰρ

2193 3674 2288 3728 καὶ
2339 3672 2522 3738 τοῦτο,
2551 3673 2692 3743 πλὴν
2743 3673 2806 3727 οὐ
2859 3672 3145 3743 βιάζομαι,
3195 3670 3333 3726 ἀλλὰ
3380 3671 3770 3743 παραινῶ-μὴ

2191 3767 2406 3837 τρυφᾷν
2477 3767 2557 3829 είς
2609 3765 2943 3836 ἀπληστίαν.
3008 3764 3073 3818 Ei
3116 3764 3228 3836 γὰρ
3278 3764 3582 3834 οίνωμένοι,
3628 3762 3772 3833 φίλῳ

2196 3860 2481 3928 συντυχεῖν
2527 3858 2628 3913 οὐκ
2665 3857 2734 3911 ἂν
2773 3855 3029 3928 ἑλώμεθα
3063 3857 3214 3922 ποτὲ,
3246 3857 3361 3920 πῶς
3394 3857 3486 3910 τὸν
3531 3857 3772 3926 Χριστὸν

2195 3949 2346 4003 ἔνδον
2388 3950 2624 4020 ἔχοντες,
2651 3948 2924 4019 τοσαύτην
2970 3949 3303 4019 ἐπεμϐαλεῖν
3348 3949 3523 4019 μέθην
3556 3949 3774 4021 τολμῶ-

2200 4061 2334 4115 μεν;
2373 4045 2468 4097 καὶ
2508 4046 2570 4096 οὺ
2620 4044 2925 4113 φρίττομεν
2964 4043 3130 4113 ἄρτον
3185 4041 3331 4112 ζωῆς
3367 4042 3645 4106 λαϐόντες,
3679 4043 3773 4095 καὶ

2196 4137 2429 4207 πρᾶγμα
2457 4134 2738 4194 ποιοῦντες
2762 4130 2996 4186 θανάτου
3019 4152 3032 4199 ;
3062 4131 3341 4200 τραπέζης
3364 4132 3773 4197 ἀπολαύσαντες

2196 4225 2462 4297 Χριστοῦ,
2495 4225 2590 4279 καὶ
2634 4223 2952 4294 τρυφῶντες
2991 4224 3135 4276 κατὰ
3165 4222 3265 4293 τὴν
3298 4223 3512 4293 ἡμέραν
3545 4222 3674 4276 καθ’
3705 4223 3771 4294 ῆν

2198 4319 2441 4389 ἅψασθαι
2480 4318 2569 4372 διὰ
2620 4316 2870 4386 γλώττης
2911 4315 3025 4369 τῶν
3076 4314 3296 4385 σαρκῶν
3343 4312 3508 4368 αὐτοῦ
3539 4312 3779 4384 ἠξιώθη-

500 4411 663 4466 nobis
692 4409 822 4464 fuit?
862 4407 1226 4465 Memoremus
1261 4404 1569 4469 dexteram,
1629 4404 1894 4475 linguam.
1926 4404 2085 4472 labial

2203 4427 2336 4482 μεν;
2368 4410 2799 4479 Καταμάθωμεν
2843 4410 2944 4478 τὴν
2993 4407 3175 4471 δεξιὰν
3214 4405 3317 4479 (Ι),
3352 4409 3453 4478 τὴν
3501 4406 3773 4475 γλῶτταν,

501 4516 625 4571 quae
667 4500 950 4555 Christum
996 4496 1448 4552 introduxerunt.
1507 4494 1832 4565 Cogitemus
1869 4505 2085 4565 tempus

2193 4503 2263 4557 τὰ
2317 4501 2470 4574 χείλη
2524 4500 2671 4572 ἅπερ
2719 4502 2934 4569 ἐγένετο
2970 4501 3221 4570 πρόθυρα
3275 4501 3339 4570 τῇ
3383 4498 3633 4551 ἐπιϐάσει
3679 4501 3776 4550 τοῦ

502 4608 614 4665 quo
666 4590 1115 4655 accessimus;et
1149 4587 1398 4659 apposita
1444 4587 1717 4640 materiali
1743 4601 1953 4653 mensa,
2022 4584 2085 4640 ad

2196 4593 2437 4664 Χριστοῦ
2464 4607 2480 4626 ο
2514 4593 2860 4662 ἐννοήσαιμεν
2911 4594 3002 4644 τον
3050 4591 3243 4661 καιρὸν
3288 4590 3410 4644 καθ’
3445 4589 3505 4643 ὃν
3539 4607 3782 4661 προσερ-

506 4698 748 4739 mensam
772 4682 918 4736 illam
943 4689 1183 4736 mentem
1206 4680 1580 4744 intendamus,
1602 4688 1656 4733 et
1684 4678 1753 4733 ad
1775 4677 2085 4733 convivium

2195 4684 2428 4758 χόμεθα,
2457 4684 2556 4737 καὶ
2604 4685 2888 4755 τράπεζαν
2939 4683 3211 4754 αἰσθητὴν
3244 4681 3607 4753 παραθέντες,
3640 4684 3781 4751 πρὸς

506 4776 875 4840 Dominicum,
909 4773 979 4828 ad
1002 4772 1396 4843 discipulorum
1423 4786 1522 4839 per
1540 4785 1752 4825 sacram
1780 4770 1925 4824 illam
1959 4786 2085 4827 noc-

2192 4777 2411 4847 ὲκείνην
2459 4776 2559 4846 τὴν
2606 4774 2890 4846 τράπεζαν
2931 4775 3023 4829 τὸν
3049 4774 3178 4829 νοῦν
3208 4775 3601 4845 ἀνατείνωμεν.
3636 4775 3777 4845 πρὸς

508 4881 618 4926 ιεω
682 4869 916 4940 vigilias.
965 4867 1298 4921 Audivimus
1352 4879 1540 4920 sacros
1605 4864 1860 4935 hymnos.
1920 4863 2085 4936 regali

2193 4872 2256 4925 τὸ
2299 4870 2516 4923 δεῖπνον
2558 4870 2620 4922 τὸ
2648 4868 2950 4938 Κυριακὸν,
2987 4868 3124 4937 πρὸς
3148 4869 3274 4938 ,τὴν
3316 4868 3625 4939 ἀγρυπνίαν
3667 4867 3779 4919 τῶν

506 4978 714 5018 mensa:
743 4960 1127 5025 accubuimus,
1170 4966 1364 5014 sancto
1391 4957 1601 5026 Spiritu
1628 4956 1823 5026 repleti
1859 4956 2085 5021 fuimus,

2199 4962 2461 5034 μαθητῶν
2487 4962 2588 5034 τὴν
2619 4964 2761 5015 κατὰ
2788 4961 2959 5015 νύκτα
2991 4962 3212 5030 ἐκείνην
3248 4961 3348 5031 τὴν
3383 4962 3553 5031 ἱεράν.
3578 4961 3782 5014 Ἠκού-

506 5068 872 5124 supernarum
908 5053 1177 5108 virtutum
1211 5049 1348 5105 socii
1388 5049 1723 5103 exstitimus.
1755 5047 1855 5114 Ne,
1881 5062 2085 5117 quaeso,

2199 5068 2378 5124 σαμεν
2419 5051 2608 5123 ὕμνων
2656 5053 2843 5123 ἱερῶν,
2873 5051 3278 5122 ἀπηλαύσαμεν
3309 5038 3587 5121 τραπέζης
3616 5053 3778 5122 βασι-

509 5149 671 5206 talem
687 5156 1006 5217 tantamque
1031 5143 1261 5215 gratiam
1283 5142 1654 5212 projiciamus,
1678 5155 1747 5195 ne
1775 5143 2085 5197 thesaurum

2200 5144 2380 5213 λικῆς,
2409 5143 2821 5214 ὲνεπλήσθημεν
2853 5142 3011 5211 ἁγίου
3047 5141 3380 5211 Πνεύματος,
3412 5142 3664 5194 κοινωνοὶ
3691 5159 3784 5207 γε-

476 5242 879 5308 ‘ellundamus,
935 5253 1005 5293 ne
1044 5235 1324 5305 crapulam
1378 5233 1738 5288 admittantus
1797 5242 2085 5288 sexcento-

2200 5237 2438 5307 γόναμεν
2464 5237 2574 5289 τῶν
2602 5236 2716 5289 ἄνω
2746 5235 3051 5304 δυνάμεων.
3088 5236 3179 5303 Μὴ
3223 5234 3472 5304 ῥίψωμεν
3504 5235 3783 5303 τοσαύτην

510 5354 632 5393 rum
693 5336 962 5390 malorum
1025 5339 1356 5401 parentem:
1425 5326 1520 5382 sed
1551 5327 1735 5381 cibum
1783 5334 2085 5391 sumentes,

2196 5331 2381 5400 χάρινσ
2417 5330 2491 5401 μὴ
2515 5330 2798 5400 ὲκχὲωμεν
2829 5331 2919 5381 τὸν
2947 5327 3241 5397 θησαυρόν⁸
3275 5328 3349 5398 μὴ
3379 5325 3550 5396 μέθην
3583 5327 3781 5378 ἐπεισ-

509 5431 604 5499 qui
632 5429 699 5483 ad
734 5427 899 5483 vitam
932 5420 1345 5480 sustentandam
1377 5419 1634 5483 sufliciat,
1670 5418 1853 5473 statim
1876 5419 1940 5471 ad
1971 5434 2085 5486 pre.

2197 5422 2496 5492 αγάγωμεν
2539 5422 2638 5492 τὴν
2691 5422 2863 5492 μυρία
2905 5419 3200 5474 τίκτουσαν
3244 5421 3393 5472 κακά.
3419 5434 3435 5449 °
3472 5417 3605 5470 ἀλλὰ
3651 5435 3786 5488 τρο-

510 5538 603 5579 ccs
662 5529 787 5591 post
823 5529 1069 5575 mensam
1100 5522 1511 5578 convertamur,
1544 5520 1600 5565 et
1626 5513 1692 5564 ad
1725 5510 1928 5580 gratias
1955 5523 2083 5563 cum

2199 5512 2306 5583 φῆς
2353 5513 2672 5583 συμμέτρου
2741 5512 3160 5582 μεταλαϐόντες,
3217 5511 3314 5565 καὶ
3364 5511 3502 5582 πρὸς
3556 5509 3617 5561 τὸ
3678 5508 3784 5579 ζῇν

513 5619 737 5689 hymno:
772 5625 830 5669 ut
850 5622 905 5670 et
928 5627 1094 5683 quam
1113 5606 1425 5677 accepimus
1446 5606 1673 5677 gratiam
1695 5618 2085 5658 conservemus

2200 5608 2360 5675 μόνον
2390 5607 2691 5676 ἀρκούσης,
2722 5605 2883 5668 εὐθὺς
2911 5606 2999 5657 ἐπ’
3030 5598 3203 5675 εὐχὴν
3230 5604 3335 5656 ἀπὸ
3362 5603 3459 5673 τῆς
3492 5600 3781 5671 τραπέζης

588 5799 664 5867 (ι)
690 5795 803 5850 lloc
833 5793 966 5851 dicit
995 5792 1120 5864 quia
1168 5790 1341 5848 Graeci
1379 5790 1808 5849 cucharisticum
1850 5809 2044 5864 panem
2077 5808 2107 5847 a
2148 5791 2431 5849 Sacerdote
2464 5793 2726 5847 traditum
2765 5794 2990 5846 dextera
3028 5805 3190 5845 manu
3232 5787 3524 5854 rccipiunt.
