4074 6502
475 460 539 519 97
556 462 579 515 'i

1620 454 2022 515 THEODORI
2069 450 2630 512 MELITENIOTAZ

3639 455 3747 519 976

471 574 767 639 Propterea
807 544 1090 637 potiSsimc
1136 563 1455 618 insanabilis
1495 563 1720 617 morbus
1749 562 1828 625 iit,
1863 571 1920 617 et
1944 561 2056 615 bel-

2180 558 2516 625 ἱουλεύσωσι,
2558 562 2797 633 τοσούτῳ
2844 562 2914 616 τά
2965 563 3067 633 τῆς
3119 562 3312 635 ἡδονῆς
3361 562 3609 628 αὔξεται.
3658 563 3749 616 Διό

468 661 562 715 lua
628 659 802 729 magis
851 656 1143 711 indomita.
1201 654 1443 707 Avaritia
1481 652 1713 716 Givzim,
1748 652 1847 705 viri
1880 650 2055 704 sancti

470 752 679 807 Elissaei
740 747 1217 809 contubernalem,
1283 747 1563 815 leprosum
1611 760 1711 813 pro
1773 743 2054 812 discipulo

471 859 535 899 ac
572 841 839 912 propheta
862 838 1069 896 eﬂ‘ecit.
1102 840 1229 891 ch
1251 838 1569 892 .luilteorum
1605 835 1884 905 principes
1914 848 2053 889 cor-

470 935 641 1004 rupit,
699 941 758 987 ut
808 933 947 986 dona
1013 931 1354 1001 acciperent,
1411 940 1467 983 ct
1529 928 1709 982 furum
1765 926 2057 996 participes

471 1026 686 1079 tierent.
725 1021 845 1075 llaec
873 1022 1070 1076 .ludam
1095 1020 1435 1089 proditorem
1475 1016 1883 1072 reddiditJlaec
1912 1014 2059 1069 Atta-

468 1119 618 1172 niam
675 1114 934 1183 perdidit.
995 1113 1121 1168 llaec
1178 1114 1465 1167 innumera
1497 1111 1635 1166 bella
1669 1108 1898 1173 invexit,
1927 1122 2059 1163 san-

469 1209 636 1278 guine
671 1208 807 1271 vias,
840 1206 996 1259 luctu
1038 1215 1207 1274 atque
1268 1202 1564 1273 gemitibus
1594 1191 1758 1255 urbés
1789 1196 2060 1268 implevit.

470 1300 596 1355 Haec
651 1313 838 1354 coenas
893 1297 1098 1352 obtulit
1150 1296 1420 1365 impuras,
1488 1308 1704 1347 mensas
1726 1289 2058 1361 piaculares,

471 1405 627 1444 escas
662 1391 873 1442 scelere
906 1387 1119 1456 plenas.
1180 1385 1319 1439 llinc
1371 1384 1536 1449 bella,
1565 1394 1620 1436 et
1644 1395 1840 1453 pugnae
1874 1397 1888 1434 :
1928 1379 2060 1433 hinc

473 1486 761 1537 bustorum
817 1479 1144 1543 spoliatores
1212 1497 1225 1532 :
1285 1480 1414 1534 hinc
1490 1477 1731 1546 denique
1791 1471 2064 1545 quidquid

474 1576 598 1630 mali
625 1576 810 1630 dicere
848 1583 1022 1644 potes.

2164 657 2258 703 καὶ
2293 652 2466 722 ταύτῃ
2501 654 2740 721 μάλιστα
2772 655 2991 709 ἀνίατον
3026 657 3085 710 τὸ
3133 659 3348 727 νόσημα
3389 657 3625 724 γίνεται,
3658 658 3753 710 καὶ

2162 741 2474 796 δυσάλωτον
2523 747 2577 797 τὸ
2608 745 2817 816 θηρίον.
2852 748 3024 801 Τοῦτο
3072 748 3167 801 τὸν
3213 749 3250 800 Γ
3257 750 3400 817 ιεςῆ,
3424 750 3576 815 ἀνδρὶ
3607 750 3751 816 ἁγίῳ

2162 834 2242 904 τῷ
2283 834 2576 906 Ἐλισσαίῳ
2631 838 2899 902 συζῶντα,
2932 839 3134 909 λεπρδν
3178 841 3299 892 ἀντὶ
3354 840 3601 911 μαθητοῦ
3656 841 3752 894 καὶ

2163 926 2448 995 προφήτου
2482 928 2751 998 πεποίηκε
2777 946 2789 960 ο
2821 931 2982 983 τοῦτο
3009 932 3137 995 τοὺς
3175 932 3448 985 Ἰνυδαίων
3480 933 3752 1002 ἄρχοντας

2160 1016 2474 1088 διέφθειρε,
2527 1019 2905 1091 λαμὸάνοντας
2952 1023 3100 1094 δῶρα
3148 1025 3243 1076 κλὶ
3289 1027 3579 1089 κοινωνοὺς
3632 1026 3753 1077 κλε-

2163 1110 2317 1163 πτῶν
2391 1113 2751 1184 γινομένους·
2811 1115 2971 1169 τοῦτο
3053 1118 3145 1170 τὸν
3209 1116 3412 1171 Ἰούδαν
3482 1117 3746 1189 προδότην

2160 1204 2500 1273 εἰργάσατο·
2556 1206 2719 1260 τοῦτο
2773 1210 2900 1273 τοὺς
2951 1212 3081 1280 περὶ
3139 1210 3394 1264 Ἀνανίαν
3451 1212 3745 1263 ἀπώλεσε·

2159 1296 2321 1349 τοῦτο
2381 1298 2614 1367 μυρίους
2648 1301 2921 1371 πολέμους
2979 1304 3299 1374 εἰσήγαγεν,
3344 1304 3591 1371 αἱμάτων
3650 1296 3773 1373 μὲν’

2163 1385 2261 1449 τὰς
2284 1387 2458 1452 ὁδοὺς,
2498 1388 2712 1459 θρήνων
2743 1391 2798 1445 δὲ
2830 1394 2925 1444 καὶ
2970 1394 3231 1462 οἰμωγῶν
3268 1394 3367 1457 τὰς
3398 1394 3582 1456 πόλεις
3614 1395 3750 1463 πλη-

2176 1477 2402 1546 ρῶσαν·
2454 1482 2551 1534 καὶ
2612 1483 2807 1539 δεῖπνα
2857 1487 3085 1557 ἐποίησε
3138 1487 3392 1556 γενέσθαι
3438 1487 3751 1555 ἀκάθαρτα,

2175 1572 2272 1624 καὶ
2319 1573 2605 1642 τραπέζας
2653 1578 2890 1645 ἐναγεῖς,
2947 1581 3038 1631 καὶ
3081 1580 3358 1650 ἐδέσματα
3410 1582 3754 1650 παρανομίας

475 1673 811 1741 ἐνέπλησεν·
884 1668 1139 1722 ἐντεῦθεν
1190 1669 1298 1737 γὰρ
1356 1668 1586 1739 πόλεμοι
1674 1665 1771 1720 καὶ
1826 1663 2035 1736 μάχαι,’
2103 1663 2360 1720 ἑντεῦθεν
2417 1671 2803 1743 τυμϐωρύχοι,
2858 1676 2952 1728 καὶ
3004 1673 3032 1728 δ
3081 1676 3147 1730 ἂν
3199 1679 3360 1749 εἴπῃς
3418 1677 3607 1743 κακον,
3669 1682 3759 1731 ἐν-

475 1769 692 1823 τεῦθεν.

548 1862 601 1914 5.
627 1859 928 1930 Propterea
956 1861 1099 1914 hanc
1126 1858 1288 1913 divus
1336 1857 1537 1911 l‘aulus
1566 1853 1864 1925 appellavit
1888 1853 2056 1907 simu-

2234 1849 2302 1920 γ’.
2358 1852 2460 1906 Διὰ
2531 1855 2690 1909 τοῦτο
2751 1855 3196 1928 είδωλολατρείαν
3251 1860 3279 1911 ὁ
3330 1861 3471 1925 θεῖος
3544 1862 3755 1922 Παῦλος

478 1955 752 2008 Ιιιενυιίωι
788 1955 1115 2009 servitutem
1173 1952 1236 2016 ³⁸,
1264 1961 1320 2005 ιιι
1378 1947 1597 2003 malitia:
1624 1944 2062 2018 magnitudinem

478 2046 814 2101 ostenderet.
865 2044 975 2100 Cur
1039 2059 1172 2099 vero
1222 2042 1645 2097 simulacrorum
1695 2036 2059 2094 servitutem?

477 2141 617 2207 Quia
650 2138 807 2193 multi
835 2139 1124 2207 pecuniam
1152 2137 1373 2200 habent,
1400 2135 1494 2190 sed
1526 2149 1589 2191 ea
1615 2133 1693 2187 uti
1713 2147 1820 2186 non
1836 2137 2063 2195 audent,

481 2235 574 2288 sed
631 2232 1040 2302 quodammodo
1085 2241 1438 2291 consecrant,
1473 2237 1528 2281 et
1556 2218 1623 2281 ad
1663 2225 1805 2280 ﬁlios
1842 2225 2067 2279 horum-

480 2343 589 2396 que
616 2336 865 2390 posteros
902 2324 1286 2379 transmittunt
1335 2323 1623 2383 intactam,
1686 2329 1945 2388 tanquam
1982 2331 2068 2371 sa-

481 2437 572 2474 cra
636 2420 887 2490 quaedam
942 2418 1173 2472 donaria
1226 2416 1435 2471 violare
1483 2420 1793 2483 parcentes.
1818 2411 1976 2477 Quod
2020 2409 2067 2465 si

481 2510 779 2581 aliquando
842 2519 1138 2581 coguntur,
1182 2509 1343 2578 quasi
1401 2505 1673 2559 nefarium
1710 2502 1914 2573 aliquid
1944 2515 2070 2571 ege-

482 2605 616 2665 rint,
666 2605 739 2657 ita
790 2616 933 2671 aegre
989 2615 1048 2654 se
1097 2598 1327 2654 habent.
1363 2595 1605 2667 Alioqui,
1638 2595 1782 2649 sicut
1807 2594 2069 2648 ethnicus

483 2695 844 2750 simulacrum
908 2693 1060 2759 colit,
1123 2692 1198 2746 ita
1257 2706 1453 2745 aurum
1480 2704 1678 2744 avarus
1708 2687 1895 2760 januis
1921 2701 2071 2742 come

485 2787 709 2842 mendat
768 2795 826 2840 et
880 2785 1042 2851 seris,
1095 2799 1194 2854 pro
1238 2783 1441 2853 templo
1467 2795 1652 2837 arcam
1690 2780 1987 2843 fabricans,
2014 2787 2072 2833 et

480 2882 757 2953 argenteis
789 2881 938 2934 vasis
971 2879 1299 2933 recondens.
1362 2874 1453 2942 At,
1484 2873 1693 2944 inquis,
1728 2887 1927 2927 aurum
1958 2885 2068 2925 non

484 2977 695 3040 adorat,
730 2974 883 3028 velut
906 2971 1164 3026 ethnicus
1188 2968 1568 3025 simulacrum.
1599 2968 1856 3023 Attamen
1883 2964 2067 3020 omni-

446 3086 455 3095 ’
486 3068 705 3123 modam
754 3066 831 3120 illi
901 3064 1123 3119 adhibet
1161 3062 1458 3117 culturam.
1492 3060 1770 3115 Praeterea
1810 3058 2071 3114 ethnicus

488 3160 757 3216 libentius
801 3158 994 3213 oculos
1040 3164 1095 3210 et
1125 3155 1367 3209 animam
1420 3151 1677 3223 projiciet
1706 3165 1870 3219 quam
1902 3150 2074 3204 simu-

489 3252 723 3305 lacrum.
785 3247 863 3302 Ita
930 3247 1097 3301 etiam
1162 3245 1283 3299 auri
1335 3252 1636 3297 amatores.
1694 3240 1800 3295 Sed
1841 3256 1952 3294 non
1983 3228 2146 3293 ve-C

488 3349 773 3405 nerantur,
799 3339 1004 3408 inquis,
1037 3351 1258 3391 aurum.
1284 3335 1449 3404 Atqui
1479 3349 1548 3388 ne
1576 3332 1834 3387 ethnicus
1851 3331 2075 3401 quidem

487 3432 887 3495 simulacrum,
949 3428 1046 3483 sed
1096 3427 1497 3481 inhabitantem
1568 3425 1683 3479 illic
1743 3424 2073 3478 daemonem.

490 3528 568 3580 Ita
629 3524 781 3579 avari
838 3522 1031 3591 Utique
1085 3534 1285 3574 aurum
1326 3534 1433 3572 non
1461 3517 1714 3581 adorant,
1742 3517 1932 3573 sedab
1958 3514 2080 3570 auri

492 3625 718 3687 aspectu
751 3624 807 3670 et
839 3612 1289 3683 concupiscentia
1344 3609 1707 3666 resultantem
1744 3612 1798 3664 in
1829 3610 2077 3680 ipsorum

490 3710 705 3766 animas
753 3708 1079 3762 daemonem.
1142 3705 1401 3760 Dzemone
1442 3706 1589 3758 enim
1620 3705 1814 3759 saevior
1839 3716 1921 3758 est
1952 3718 2082 3757 ava-

496 3802 634 3857 ritiae
678 3799 941 3865 affectus;
988 3807 1156 3867 atque
1199 3796 1331 3853 huic
1391 3796 1551 3851 multi
1590 3798 1762 3866 magis
1789 3796 2077 3861 obediunt,

493 3909 657 3967 quam
687 3894 781 3948 alii
815 3891 980 3947 idolis
1016 3906 1030 3941 :
1062 3890 1148 3944 bis
1177 3888 1325 3944 enim
1359 3888 1516 3943 multi
1537 3902 1644 3942 non
1660 3888 2081 3956 obtemperant;

494 3995 550 4039 at
579 3980 822 4038 avaritiae
856 3993 1049 4035 omnes
1072 3979 1297 4045 cedunt,
1348 3988 1405 4033 et
1426 3978 1692 4049 quidquid
1737 3978 1852 4048 ipsa
1875 3993 2082 4048 pra'ce-

498 4076 661 4145 perit,
730 4088 940 4128 morem
988 4080 1208 4142 gerunt.
1251 4071 1319 4125 Et
1377 4071 1585 4127 videsis
1624 4070 1756 4139 quid
1781 4085 1845 4125 ea
1876 4070 2021 4125 dicat
2066 4087 2081 4124 :

434 4180 441 4187 ί
496 4167 683 4223 llostis
710 4173 831 4220 esto
866 4173 923 4220 et
950 4162 1226 4219 inimicus
1262 4162 1534 4229 omnium,
1576 4162 1772 4233 ignora
1802 4171 2081 4227 naturam,

499 4264 671 4314 Deum
721 4265 1034 4320 centemne,
1083 4253 1219 4309 mihi
1252 4262 1423 4309 temet
1456 4254 1702 4308 immota.
1736 4250 1795 4307 ln
1822 4254 2086 4310 omnibus

498 4351 584 4406 his
632 4349 1071 4418 obtemperatur.
1129 4346 1200 4401 Et
1261 4344 1573 4401 simulacris
1626 4343 1853 4414 quidem
1914 4344 2088 4401 boves

496 4456 665 4513 atque
738 4455 872 4497 oves
927 4437 1248 4505 immolant;
1302 4448 1359 4493 et
1388 4436 1618 4493 avaritia
1651 4435 2086 4492 dicit:lmmola

2171 1944 2434 1999 ἐκάλεσεν
2492 1947 2645 2015 αὐτὸ,
2682 1947 2743 2002 τὸ
2788 1949 2892 2019 τῆς
2940 1950 3141 2014 κακίας
3200 1952 3435 2020 μέγεθος
3487 1954 3758 2007 ὲνδεικνύο

2176 2053 2355 2107 μενος.
2405 2038 2506 2093 Διὰ
2547 2040 2600 2093 τί
2652 2041 3131 2114 εἰδωλολατρείαν;
3184 2044 3307 2096 Ὅτι
3347 2044 3530 2115 ἔχουσι
3573 2046 3755 2099 πολλοὶ

2173 2132 2452 2202 χρήματα,
2480 2135 2573 2187 καὶ
2616 2134 2929 2206 χρήσασθαι
2974 2137 3160 2197 αὐτοῖς
3204 2138 3265 2189 οὔ
3310 2137 3600 2207 τολμῶσιν,
3634 2133 3751 2190 ἀλλ’

2173 2224 2519 2293 ἀφιεροῦσιν,
2552 2226 2917 2296 είς“ὲκγόνους
2952 2227 3047 2280 καὶ
3075 2230 3200 2291 τοὺς
3230 2227 3288 2292 ἐξ
3321 2228 3546 2281 ἐκείνων
3570 2245 3751 2297 παρα-

2176 2319 2488 2389 πέμποντες
2543 2320 2823 2388 ἀνέπαφα,
2856 2320 3110 2391 καθάπερ
3162 2322 3325 2376 τινῶν
3381 2322 3753 2390 ἀναθημάτων

2174 2410 2235 2463 οῦ
2264 2411 2575 2483 τολμῶντες
2603 2414 2867 2483 ἅψασθαι.
2904 2414 3031 2467 Ἐἀν
3056 2414 3112 2467 δέ
3145 2431 3277 2467 ποτε
3310 2415 3752 2483 ἀναγκασθῶσιν,

2176 2503 2369 2576 ὥσπερ
2416 2505 2681 2577 ἀθέμιτόν
2734 2524 2789 2560 τι
2842 2507 3174 2578 πράξαντες,
3231 2507 3374 2561 οὕτω
3428 2509 3753 2564 διάκεινται.

2178 2598 2287 2650 Καὶ
2326 2598 2499 2661 ἄλλως
2543 2598 2598 2651 δὲ
2639 2598 2829 2669 ῶσπερ
2859 2600 2920 2653 τὸ
2955 2600 3141 2667 ξόανον
3174 2603 3200 2653 ὁ
3233 2600 3435 2670 Ἕλλην
3472 2600 3752 2670 περιέπει,

2176 2692 2348 2755 οὕτως
2380 2694 2407 2746 ὁ
2434 2693 2770 2770 φιλάργυρος
2821 2695 2880 2747 τὸ
2922 2693 3148 2765 χρυσίον
3197 2692 3391 2763 θύραις
3441 2695 3755 2748 πιστεύεται

2179 2790 2273 2839 καὶ
2306 2786 2544 2856 μοχλοῖς,
2572 2787 2694 2840 ἀντὶ
2739 2787 2870 2840 ναοῦ
2908 2788 2969 2839 τὸ
3003 2785 3260 2839 κιϐώτιον
3303 2787 3757 2850 κατασκευάζων,

2178 2882 2273 2933 καὶ
2327 2879 2782 2950 ἑναποτιθέμενος
2841 2880 3096 2932 σκεύεσιν
3162 2880 3442 2950 ἀργυροῖς.
3503 2877 3646 2933 Ἀλλ’
3692 2879 3756 2931 οῦ

2181 2975 2499 3044 προσκυνεῖ,
2534 2973 2795 3042 καθάπερ
2826 2974 3050 3036 ἐκεῖνος,
3087 2972 3148 3025 τὸ
3176 2972 3385 3037 ξόανον,
3416 2971 3551 3025 ἀλλά
3578 2972 3759 3026 πᾶσαν

2180 3068 2551 3121 ἐπιδείκνυται
2608 3067 2738 3138 περὶ
2782 3067 2917 3119 αὐτὸ
2969 3067 3290 3137 θεραπείαν.
3335 3068 3505 3121 Πάλιν
3556 3067 3761 3129 ἐκεῖνος

2180 3162 2351 3231 ἡδέως
2378 3165 2440 3214 ἂν
2474 3161 2599 3222 τοὺς
2632 3160 2945 3229 ὀφθαλμοὺς
2968 3160 3064 3213 καὶ
3114 3160 3212 3230 τὴν
3245 3160 3424 3230 ψυχὴν
3472 3159 3692 3230 πρόοιτο
3726 3157 3761 3226 ἢ

2181 3255 2244 3308 τὸ
2277 3255 2487 3320 ξόανον.
2520 3252 2703 3306 Τοῦτο
2729 3255 2823 3307 καὶ
2848 3255 2898 3306 οἱ
2937 3253 2998 3305 τὸ
3028 3254 3252 3324 χρυσίον
3287 3252 3588 3323 φιλοῦντες.
3623 3242 3762 3305 Ἀλλ’

2180 3349 2243 3403 οὐ
2284 3350 2662 3419 προσκυνοῦσι
2692 3349 2752 3401 τὸ
2789 3349 3040 3420 χρυσίον,
3079 3347 3279 3418 φησιν’
3321 3347 3443 3400 οὐδὲ
3475 3350 3676 3410 ἐκεῖνος
3705 3348 3767 3399 τὸ

2181 3441 2419 3507 εἴδωλον,
2452 3440 2568 3494 ἀλλ’
2617 3442 2766 3512 ὅμως
2825 3444 3125 3511 προσκυνεῖ
3170 3440 3261 3493 τὸν
3303 3439 3619 3493 ἐνοικοῦντα
3646 3439 3766 3492 δαί-

2184 3550 2347 3602 μονα.
2385 3532 2571 3597 Οὕτως
2626 3535 2674 3586 oi
2724 3534 3152 3604 φιλοχρήματοι,
3180 3533 3284 3587 κᾶν
3321 3533 3395 3603 μὴ
3445 3533 3506 3585 τδ
3545 3533 3768 3601 χρυσῖον

2184 3625 2589 3696 προσκυνῶσιν,
2633 3625 2769 3679 ἀλλὰ
2802 3627 2897 3678 τὸν
2922 3627 3030 3678 ἀπὸ
3071 3625 3171 3696 τῆς
3204 3626 3378 3695 ὅψεως
3411 3624 3507 3677 τοῦ
3538 3623 3767 3695 χρυσίου

2184 3719 2280 3773 καὶ
2308 3721 2403 3790 τῆς
2434 3717 2732 3790 ἐπιθυμίας
2761 3717 3114 3789 ἐπιπηδῶντα
3141 3719 3373 3787 δαίμονα
3406 3719 3527 3780 ταῖς
3558 3717 3765 3768 τούτων

2184 3804 2418 3883 ψυχαῖς*
2442 3810 2695 3882 δαίμονος
2725 3811 2835 3881 γάρ
2862 3812 3248 3882 χαλεπώτερον
3269 3810 3367 3880 τῆς
3397 3810 3766 3880 φιλαργυρίας

2187 3905 2221 3974 ἡ
2258 3902 2525 3974 ἐπιθυμία
2549 3919 2563 3934 ⁶
2599 3903 2696 3955 καὶ
2741 3903 2917 3975 ταύτῃ
2968 3903 3155 3956 πολλοὶ
3190 3902 3394 3973 μᾶλλον
3421 3901 3703 3955 πείθονται
3733 3899 3769 3969 ἢ

2185 3995 2365 4067 ἕτεροι
2419 3998 2532 4060 τοῖς
2573 3995 2848 4060 εἰδώλοιςο
2885 3998 3004 4049 ἐκεῖ
3054 3996 3153 4065 μὲν
3197 3996 3305 4064 γὰρ
3356 3993 3528 4047 πολλά
3589 4008 3771 4063 παρα-

2187 4090 2464 4155 κούουσιν,
2503 4087 2737 4144 ἐνταῦθα
2788 4088 2846 4141 δὲ
2886 4088 3063 4141 πάντα
3115 4085 3345 4151 εἴκουσι,
3374 4086 3467 4139 καὶ
3514 4085 3654 4155 ὅπερ
3704 4085 3770 4136 ἂν

2187 4183 2316 4254 εἴπῃ
2370 4181 2602 4253 ποιῆσαι
2653 4181 2955 4235 πείθονται.
2999 4180 3107 4232 Καὶ
3139 4180 3242 4250 ὅρα
3285 4180 3338 4231 τί
3391 4178 3576 4247 λέγει’
3610 4177 3771 4231 Πολέ-

2192 4294 2316 4348 μιος
2351 4276 2443 4329 ἔσο
2490 4276 2585 4329 καὶ
2638 4274 2831 4346 ἐχθρὸς
2883 4274 3169 4335 ἀπάντων,
3202 4272 3392 4340 ἀγνόει
3433 4270 3530 4342 τὴν
3585 4269 3768 4339 φύσιν,

2190 4370 2526 4439 καταφρόνει
2560 4367 2720 4434 Θεοῦ,
2745 4367 3052 4422 κατάθυσόν
3082 4382 3174 4437 μοι
3201 4366 3432 4419 σαυτόν·
3466 4364 3560 4417 καὶ
3594 4362 3772 4415 πάντα

2188 4462 2474 4517 πείθονται
2500 4478 2513 4493 ·
2550 4462 2643 4516 καὶ
2673 4462 2790 4525 τοῖς
2829 4462 2930 4533 μὲν
2964 4460 3173 4529 ξοάνοις
3224 4456 3352 4528 βοῦς
3399 4456 3492 4509 καὶ
3522 4454 3771 4522 πρόϐατα

497 4535 634 4592 mihi
698 4542 850 4588 tuam
899 4531 1179 4602 propriam
1230 4529 1495 4595 animam,
1525 4539 1582 4584 et
1613 4529 1704 4583 ille
1743 4526 1953 4583 obedit.
1998 4527 2076 4583 Vi-

2192 4554 2452 4609 θύουσιν*
2488 4556 2522 4619 ἡ
2583 4553 2640 4607 δὲ
2695 4526 3032 4624 φιλαργυρία
3080 4526 3271 4618 λέγει·
3317 4548 3486 4602 Θῦσὸν
3534 4565 3623 4617 μοι
3671 4547 3769 4616 τὴν

497 4627 621 4682 den’
661 4626 854 4696 quales
906 4626 1009 4680 ista
1034 4624 1236 4679 habeat
1262 4637 1410 4689 aras,
1459 4620 1651 4692 quales
1674 4620 1902 4690 recipiat
1924 4620 2087 4675 victi-

404 4761 416 4773 .
500 4718 653 4773 nias?
678 4721 815 4787 Apte
850 4716 1037 4785 itaque
1084 4727 1316 4787 magnus
1346 4709 1550 4767 Paulus
1591 4708 1881 4764 avaritiam
1908 4708 2082 4762 simu-

499 4812 779 4865 laerorum
842 4809 1172 4864 servitutem
1233 4802 1551 4875 appellavit,
1620 4810 1814 4871 utpote
1867 4800 2085 4872 cupidi-

503 4911 675 4957 tatum
709 4900 960 4956 omnium
986 4897 1370 4953 saevissimam.

576 5016 632 5070 4.
684 5011 925 5068 Omnino
977 5020 1165 5065 autem
1194 5009 1390 5064 vitium
1426 5008 1533 5064 hoc
1566 5007 1783 5079 ineptos
1806 5008 1934 5063 facit
1965 5008 2089 5065 illos

504 5103 599 5173 qui
625 5115 691 5157 eo
725 5108 1003 5165 tenentur,
1031 5098 1147 5153 sive
1176 5097 1436 5153 militaria
1485 5112 1626 5169 opus
1654 5099 1727 5154 sit
1756 5098 1874 5154 sive
1901 5099 2089 5154 civilia

424 5208 429 5213 '
504 5208 734 5249 munera
766 5204 992 5263 gerere:
1029 5204 1209 5259 neque
1233 5192 1288 5245 in
1326 5190 1561 5262 publicis
1621 5200 1857 5256 tantum,
1895 5208 2088 5247 verum

503 5288 670 5342 etiam
703 5284 756 5338 in
783 5283 1013 5354 privatis
1048 5284 1302 5353 negotiis.
1356 5282 1491 5338 Nam
1522 5294 1578 5339 et
1615 5285 1659 5338 si
1692 5287 1832 5338 forte
1861 5298 2088 5338 uxorem
2144 5271 2154 5281 ’

508 5381 778 5435 ducturus
827 5389 911 5433 σει
959 5377 1055 5447 qui
1105 5378 1351 5433 avaritiae
1387 5377 1579 5433 morbo
1608 5388 1855 5448 urgetur,
1885 5392 2091 5446 nequa-

506 5485 669 5541 quam
696 5473 902 5523 virtute
938 5469 1223 5539 praeditam
1261 5469 1518 5539 accipiet,
1542 5469 1639 5523 sed
1678 5469 1927 5523 omnium
1965 5484 2089 5537 pes-

505 5563 721 5625 simam,
780 5562 1029 5631 pecunia:
1084 5576 1276 5617 amore
1336 5562 1542 5617 victus.
1616 5561 1685 5617 Et
1757 5560 1804 5616 si
1890 5562 2089 5617 domus

506 5650 739 5703 emenda
768 5661 870 5714 est,
905 5649 1047 5704 haud
1079 5650 1367 5707 decentem
1405 5652 1646 5724 ingenuo
1670 5654 1880 5707 homini
1915 5667 2086 5719 emet,

509 5742 605 5795 sed
657 5758 778 5811 qua:
822 5742 995 5811 pluris
1040 5744 1210 5798 locari
1259 5754 1444 5814 queat.
1501 5745 1565 5800 Et
1608 5746 1651 5800 si
1710 5761 1920 5812 servos,
1973 5748 2087 5801 sive

581 5927 622 5956 ³³⁸
664 5926 864 5980 Coloss.
901 5942 980 5991 ιιι,
1017 5927 1066 5981 5.

2196 4645 2398 4702 σαυτοῦ
2423 4646 2622 4718 ψυχὴν,
2652 4647 2748 4700 καὶ
2780 4646 2979 4699 πείθει.
3014 4644 3177 4717 Ὁρᾷς
3210 4644 3353 4706 οἵους
3383 4642 3492 4712 ἔχει
3528 4640 3767 4710 βωμοὺς,

2193 4737 2284 4794 οἷα
2340 4739 2559 4810 δέχεται
2616 4737 2876 4808 θύματα;
2911 4739 3307 4805 Προσηκόντως
3348 4734 3456 4804 ἄρα
3506 4730 3714 4791 Παῦλος
3743 4732 3772 4783 ὁ

2198 4833 2375 4904 μέγας
2422 4832 2580 4886 τοῦτο
2613 4831 3069 4901 εἰδωλολατρείαν
3119 4828 3398 4891 ἐκάλεσεν,
3427 4824 3501 4887 ὡς
3553 4823 3770 4876 πάντων

2196 4924 2385 4978 παθῶν
2414 4924 2803 4995 χαλεπώτατον
2836 4924 3029 4985 πάθος.

2266 5013 2327 5064 δ’.
2358 5012 2469 5065 Καὶ
2499 5011 2782 5082 πανταχοῦ
2841 5012 2897 5064 δὲ
2948 5010 3107 5063 τοῦτο
3146 5008 3208 5063 τὸ
3246 5010 3417 5073 πάθος
3461 5011 3769 5081 ἀχρήστους

2196 5104 2343 5157 ποιεῖ
2371 5104 2494 5167 τοὺς
2528 5103 2634 5156 ὑπὸ
2667 5101 2858 5156 τούτου
2893 5101 3362 5173 κεκρατημένους,
3391 5100 3457 5155 ἄν
3494 5116 3555 5154 τε
3605 5117 3771 5171 στρα-

2193 5196 2455 5265 τηγῆσαι,
2491 5197 2557 5250 ἄν
2586 5212 2646 5248 τε
2675 5197 3079 5266 δημαγωγῆσαι
3108 5194 3200 5266 δὲῃ
3224 5212 3237 5226 ·
3268 5193 3470 5265 μᾶλλον
3500 5193 3558 5245 δὲ
3589 5192 3688 5245 οὐκ
3713 5194 3769 5244 ἐν

2193 5290 2304 5350 τοῖς
2372 5290 2572 5352 κοινοῖς
2628 5288 2811 5358 μόνον,
2844 5288 2980 5342 ἀλλὰ
3016 5289 3111 5340 καὶ
3163 5290 3222 5340 ἐν
3272 5290 3385 5351 τοῖς
3439 5284 3613 5348 ίδίοις.
3653 5283 3772 5336 Κᾶν
3854 5290 3869 5306 ⁸

2194 5381 2432 5445 γυναῖκα
2478 5381 2587 5451 γὰρ
2636 5380 2941 5449 ἀγαγέσθαι
2985 5380 3157 5451 μέλλῃ
3202 5382 3230 5434 ὁ
3279 5380 3647 5450 φιλαργυρῖαν
3688 5390 3775 5428 νο·

2196 5472 2330 5538 σῶν,
2384 5475 2445 5527 οὐ
2499 5474 2729 5545 λήψεται
2776 5476 2876 5543 τὴν
2929 5475 3205 5546 ἐνάρετον,
3257 5473 3396 5527 ἀλλά
3442 5471 3539 5543 τὴν
3584 5467 3772 5524 πασῶν

2197 5564 2575 5635 φαυλοτάτην,
2634 5565 2817 5635 ἥττων
2897 5567 3200 5636 χρημάτων
3272 5565 3606 5633 γενόμενος,
3666 5560 3773 5613 κᾶν

2194 5657 2374 5709 οἰκίαν
2407 5659 2693 5729 πρίασθαι,
2716 5657 2776 5711 οὐ
2821 5657 2917 5726 τὴν
2951 5657 3224 5728 ἐλευθέρῳ
3257 5656 3597 5727 πρέπουσαν,
3636 5648 3771 5707 ἀλλὰ

2196 5749 2295 5819 τὴν
2348 5750 2516 5802 πολὺν
2569 5750 2876 5819 δυναμένην
2925 5750 3019 5804 τὸν
3080 5748 3272 5818 μισθὸν
3325 5748 3612 5817 ἐνεγκεῖν
3665 5740 3770 5796 κᾶν
