4074 6472
362 291 467 355 977

1733 300 1886 361 ΕἸῚΙ
1899 300 2068 367 ιεοΝ
2122 301 2197 360 [-X
2213 348 2226 361 .

3519 304 3627 367 978

358 404 615 466 οἰκέτας,
678 402 781 456 κᾶν
833 403 1012 457 ὁτιοῦν
1062 405 1250 477 ἕτερον
1305 396 1563 463 ὠνεῖσθαι
1625 408 1833 481 μέλλῃ,
1883 411 1944 464 τὸ

2065 410 2344 480 ιιιὶιι‹μιιιιιι
2429 410 2577 465 aliud
2647 425 2831 466 emere
2897 419 3189 480 oporteat.
3270 411 3627 466 deterrimum

360 495 700 562 φαυλότατον
749 495 1000 566 λήψεται,
1041 499 1129 552 διά
1181 499 1242 552 τὸ
1292 501 1499 571 κέρδος.
1532 502 1641 556 Καὶ
1687 504 1741 556 τί
1797 503 1943 572 λέγω

361 588 736 657 στρατηγίαν]
761 593 853 643 καὶ
885 590 1266 661 δημαγωγίαν,
1300 596 1394 648 καὶ
1442 596 1795 666 οίκονομίας;
1838 599 1943 651 κᾶν

357 680 466 749 γὰρ
523 681 778 750 βασιλεὺς
828 679 900 755 ᾖ,
941 686 1159 740 πάντων
1213 687 1363 740 ἐστὶν
1425 689 1792 762 ἀθλιώτερος,
1847 691 1942 745 καὶ

359 769 506 840 λύμη
535 771 634 841 τῆς
678 775 1031 846 οἰκουμένης,
1055 779 1150 831 καὶ
1199 781 1419 834 πάντων
1455 781 1824 852 πενέστεροςο
1863 784 1940 845 ὡς

357 866 467 935 γάρ
531 859 613 928 εἷς
664 867 774 919 τῶν
832 869 1043 923 πολλῶν
1078 871 1440 937 διακείσεται,
1476 875 1598 943 οΰχὶ
1626 875 1693 928 τὰ
1721 876 1943 929 πάντων

342 957 552 1010 ’ἑαυτοῦ
582 958 818 1028 νομίζων
843 959 1005 1025 εῖναι,
1047 963 1166 1015 ἀλλ’
1204 964 1397 1018 ἑαυτὸν
1422 965 1519 1020 ἕνα
1553 965 1664 1020 τῶν
1697 967 1937 1031 πάντων,

360 1049 455 1100 καί
513 1050 583 1102 τὰ
645 1052 862 1105 πάντων
914 1055 1201 1120 ἁρπάζων,
1251 1056 1346 1108 καὶ
1404 1058 1622 1111 πάντων
1679 1058 1939 1112 ἐλάττονα

360 1142 507 1210 ἔχειν
573 1144 844 1212 νομίζων·
905 1149 971 1214 τῇ
1022 1148 1129 1217 γὰρ
1186 1148 1299 1205 τῶν
1359 1149 1574 1204 οὐδέπω
1630 1150 1944 1221 κτηθέντων

363 1235 632 1304 ἐπιθυμίᾳ
684 1237 751 1288 τά
815 1239 1058 1307 παρόντα
1119 1240 1357 1310 μετρῶν,
1395 1243 1546 1295 οὐδὲν
1588 1241 1762 1297 ταῦτα
1810 1243 1945 1312 πρὸς

362 1326 549 1377 ἐκεῖνα
589 1322 727 1380 εἶναι
757 1329 1050 1399 ἡγήσεται.
1084 1332 1175 1384 Διὸ
1205 1333 1299 1385 καί
1342 1351 1426 1395 τις
1459 1336 1625 1403 φησὶν
1671 1333 1748 1398 ὡς
1793 1335 1946 1388 οὐδὲν

362 1418 710 1489 ἀνομώτερον
736 1423 876 1490 φυλα
888 1423 1092 1493 ργύρου
1119 1440 1133 1454 ’
1166 1426 1194 1476 6
1218 1426 1325 1494 γὰρ
1354 1425 1599 1488 τοιοῦτος
1633 1426 1726 1479 καὶ
1753 1425 1947 1480 ἑαυτὸν

363 1509 697 1577 ἀποδίδοται,
731 1512 828 1566 καὶ
875 1514 1052 1577 κοινὸς
1095 1517 1455 1587 περιέρχεται
1484 1518 1585 1588 τῆς
1617 1518 1947 1588 οίκουμένης

365 1601 581 1671 ἐχθρὸς,
652 1604 836 1672 ἀλγῶν
893 1607 976 1661 ὃτι
1035 1610 1110 1679 μὴ
1175 1612 1398 1680 χρυσίον
1446 1612 1601 1681 φέρει
1648 1612 1774 1666 ἀντὶ
1834 1611 1947 1665 τῶν

363 1692 654 1763 ἀσταχύων
703 1697 738 1765 ἡ
789 1697 883 1767 γῆ,
912 1698 1008 1752 καὶ
1038 1699 1160 1753 ἀντὶ
1189 1699 1299 1752 τῶν
1339 1703 1596 1770 ναμάτων
1628 1704 1684 1755 αἱ
1716 1702 1943 1773 κρῆναι,

365 1784 461 1836 καὶ
489 1785 608 1838 ἀντὶ
637 1786 747 1838 τῶν
775 1787 942 1842 λίθων
974 1790 1042 1843 τὰ
1073 1790 1174 1861 ὅρη
1203 1808 1216 1821 ·
1257 1791 1631 1862 δυσχεραίνων
1669 1794 1808 1863 πρὸς
1836 1794 1935 1865 τὴν

365 1873 681 1946 εὐετηρίαν,
709 1877 766 1931 ὲν
797 1880 913 1942 τοῖς
945 1884 1147 1944 κοινοῖς
1184 1882 1414 1950 ἀγαθοῖς
1464 1885 1903 1956 συνεσταλμένος
1927 1902 1942 1918 ο

368 1969 549 2021 πᾶσαν
590 1970 1073 2042 ἀποστρεφόμενος
1119 1976 1419 2046 πρόφασιν,
1473 1977 1600 2031 ὅθεν
1652 1979 1754 2033 οὐκ
1799 1979 1946 2033 ἐστιν

366 2060 865 2130 ἀργύριον-λαϐεῖν
895 2082 908 2096 ο
960 2067 1139 2120 πάντα
1195 2068 1508 2135 ὑπομένων,
1560 2071 1684 2125 ὅθεν
1717 2071 1811 2125 καὶ
1852 2071 1948 2126 δύο

371 2155 534 2221 μόνον
577 2156 831 2223 συλλέξαι
878 2158 1102 2222 ὀϐολοὺς
1133 2159 1212 2213 ἔνι
1236 2175 1252 2191 ο
1287 2160 1536 2225 ἃπαντας
1588 2163 1787 2232 μισῶν,
1820 2165 1950 2228 τοὺς

368 2248 627 2316 πένητας,
669 2249 797 2312 τοὺς
848 2249 1161 2317 πλουσίους,
1215 2252 1344 2315 τοὺς
1397 2253 1499 2323 μὲν
1545 2254 1804 2325 πένητας,
1846 2256 1951 2326 μή·

368 2352 501 2390 ποτε
534 2338 930 2408 προσελθόντες
975 2343 1240 2411 αἰτήσωσι
1268 2358 1282 2372 °
1314 2345 1440 2407 τοὺς
1468 2344 1525 2399 δὲ
1559 2345 1950 2410 πλουτοῦντας,

369 2427 452 2480 δτι
487 2430 563 2498 μὴ
594 2430 663 2483 τὰ
693 2431 923 2484 ἐκείνων
956 2430 1070 2501 ἔχει
1098 2447 1113 2463 ’
1144 2433 1394 2499 ἅπαντας
1448 2437 1517 2488 τά
1542 2437 1710 2490 αὐτοῦ
1736 2438 1954 2505 νομίζει

370 2523 707 2593 κεκτῆσθαι·
739 2526 834 2575 καὶ
861 2523 935 2586 ὡς
965 2523 1121 2593 παρά
1154 2526 1373 2580 πάντων
1399 2527 1754 2597 ἠδικημένος,
1776 2528 1952 2591 οὕτως

370 2616 509 2685 πρὸς
569 2616 780 2678 πάντας
836 2615 1223 2687 δυσχεραίνειο
1279 2618 1603 2690 πλησμονὴν
1658 2623 1760 2676 οὐκ
1819 2617 1951 2689 οἵδε,

372 2708 534 2779 κόρον
594 2709 696 2761 οὐκ
746 2708 1078 2764 ἐπίσταταιο
1129 2713 1188 2765 ἐν
1243 2712 1420 2780 σκότῳ
1468 2714 1672 2782 διάγων
1719 2714 1799 2785 τῷ
1845 2716 1954 2771 τῶν

372 2799 672 2869 χρημάτων
698 2800 883 2871 ἔρωτι,
919 2802 1028 2856 τῶν
1054 2804 1539 2872 περισπουδάστων
1564 2806 1623 2858 τὸ
1653 2807 1852 2871 κάλλος
1877 2809 1952 2873 ὡς

372 2890 553 2960 χρεὼν
598 2891 660 2945 οὐ
714 2893 1013 2960 γινώσκειο
1056 2895 1305 2965 καθάπερ
1345 2896 1452 2949 οὐδ’
1499 2900 1528 2952 6
1577 2901 1635 2952 ἐν
1668 2900 1846 2971 σκότῳ
1878 2899 1957 2971 τῷ

373 2981 621 3051 αἰσθητῷ
649 2981 957 3054 καθήμενος
1008 2983 1234 3039 δύναται
1269 2986 1489 3056 βλέπειν
1516 2988 1578 3042 τὸ
1606 2991 1803 3054 κάλλος
1846 2990 1958 3047 τῶν

374 3074 523 3144 αὐτῷ
580 3075 1017 3145 προσαγομένων
1100 3076 1268 3131 λίθων
1339 3078 1571 3149 τιμίων,
1638 3082 1670 3152 ἢ
1739 3083 2029 3160 χρυσῶνο

376 3164 609 3229 σκευῶν,
643 3167 677 3237 ἢ
712 3166 999 3236 ἁλουργῶν
1034 3168 1268 3238 ἱματίων
1296 3182 1310 3198 ·
1349 3171 1542 3235 σκότος
1571 3174 1664 3226 καὶ
1692 3174 1802 3243 γάρ
1834 3176 1955 3229 ἐστι

375 3259 570 3327 νοητὸν
623 3260 652 3312 6
698 3258 807 3312 τῶν
837 3263 1141 3332 χρημάτων
1199 3262 1364 3334 ἔρως,
1395 3265 1549 3319 οὐδὲν
1612 3266 1797 3336 ἀφιεὶς
1848 3266 1958 3321 τῶν

374 3350 546 3404 ὅντων
595 3350 888 3420 φαίνεσθαι
947 3353 1023 3416 ὡς
1076 3353 1246 3420 ἔστιν,
1274 3356 1389 3409 ἀλλ’
1425 3357 1672 3429 ἑτέρως·
1726 3362 1960 3432 ὲπείπερ

375 3443 616 3513 οὐδαμοῦ
645 3445 757 3498 τῶν
796 3448 1140 3516 πραγμάτων
1195 3453 1228 3520 ἡ
1281 3449 1443 3517 φύσις
1475 3453 1748 3521 φαίνεται,
1778 3455 1854 3518 ὡς
1904 3457 1963 3509 ἐν

271 3565 278 3571 ~
376 3538 577 3608 πενίᾳ·
614 3537 850 3608 οὐδαμοῦ
883 3537 1056 3604 οὕτως
1109 3541 1394 3610 ἐλέγχεται
1451 3543 1520 3597 τὰ
1550 3544 1819 3599 δοκοῦντα
1858 3546 1960 3616 μὲν

377 3624 542 3697 εἶναι,
580 3631 653 3701 μὴ
679 3631 807 3687 hara.
837 3631 918 3695 δὲ,
948 3632 1024 3694 ὡς
1056 3634 1115 3685 ὲν
1151 3635 1463 3706 φιλοσοφία.

449 3723 513 3777 ε’.
551 3724 661 3777 Καὶ
691 3725 765 3787 ὡς
792 3729 849 3777 ὲν
897 3724 1095 3795 βραχεῖ
1119 3725 1311 3795 φάναι,
1346 3730 1375 3781 6
1404 3728 1745 3801 φιλάργυρος
1775 3732 1966 3785 τοσού-

379 3833 496 3878 τοις
544 3818 637 3869 καὶ
691 3816 1037 3886 τηλικούτοις
1097 3819 1443 3888 ἐνδεδεμένος
1493 3824 1706 3886 κακοῖς,
1745 3824 1965 3878 πάντων

383 3911 537 3962 ἐστὶν
571 3908 900 3980 ἀθλιώτερος
921 3926 935 3941 ·
968 3908 1159 3980 ὥσπερ
1186 3910 1279 3965 οὖν
1306 3914 1333 3966 6
1370 3913 1577 3969 τούτων
1605 3897 1987 3987 ἀπηλλαγμέέ

384 4020 474 4066 νος
509 4003 602 4054 καὶ
622 4003 930 4070 φιλοσοφῶν
958 4002 1329 4075 ζηλωτότερος
1357 4005 1578 4059 πάντων
1604 4022 1618 4037 ’
1647 4010 1676 4061 6
1715 4007 1815 4078 μὲν
1859 4008 1966 4078 γὰρ

388 4094 666 4163 ἐνάρετος,
695 4093 798 4145 κᾶν
829 4093 1047 4164 οἰκέτης
1067 4091 1121 4168 ᾖ.
1153 4094 1255 4147 κᾶν
1284 4095 1576 4166 δεσπότης,
1601 4100 1821 4152 πάντων
1849 4100 1970 4153 ἐστὶ

391 4184 843 4256 μακαριώτεροςο
872 4185 1049 4249 οὐδεὶς
1096 4187 1205 4257 γὰρ
1252 4187 1420 4242 αὐτὸν
1479 4190 1693 4259 ποιήσει
1757 4193 1966 4261 κακῶς,

389 4276 493 4331 κᾶν
545 4277 595 4330 oi
650 4278 717 4331 ὲκ
769 4277 870 4348 τῆς
929 4280 1257 4350 οἰκουμένης
1319 4281 1650 4337 συνέλθωσιν
1701 4283 1965 4351 ἅπαντες,
2010 4306 2021 4310 δ

389 4371 536 4426 ὅπλα
571 4372 669 4423 καὶ
727 4371 1067 4442 στρατόπεδα
1124 4374 1401 4439 κινοῦντες
1455 4379 1552 4429 καὶ
1603 4376 1969 4447 πολεμοῦντες

2047 504 2307 574 quodque
2350 504 2488 559 lucri
2542 520 2708 560 causa
2762 505 2951 574 eliget.
3018 504 3160 571 Quid
3221 504 3344 560 dico
3397 507 3630 561 militare

2045 606 2141 649 aut
2200 595 2364 650 civile
2412 604 2508 649 aut
2558 595 3091 650 administratorium
3178 598 3411 651 munus!
3494 599 3629 653 Nam

2046 684 2299 754 quamvis
2323 699 2419 738 rex
2456 683 2552 744 sit.
2580 684 2828 738 omnium
2861 684 3275 739 infelicissimus
3308 695 3414 745 est.
3440 687 3630 740 mundi

2046 775 2266 840 sordes,
2326 785 2383 831 et
2451 777 2699 832 omnium
2730 777 3153 846 pauperrimus.
3186 777 3435 846 Namque
3463 794 3631 832 unum

2047 879 2105 919 se
2146 864 2215 920 de
2243 864 2432 920 multis
2465 866 2655 921 credet
2688 882 2703 920 :
2739 881 2925 936 neque
2963 866 3209 921 omnium
3256 876 3315 922 s‘e
3350 868 3635 923 dominum

2046 957 2358 1023 aestimabit,
2424 959 2520 1013 sed
2561 973 2619 1013 se
2675 975 2845 1013 unum
2881 958 2949 1015 de
2980 959 3230 1014 omnium
3259 975 3493 1015 numero
3534 979 3546 1015 :
3580 969 3633 1016 et

2048 1065 2164 1104 rem
2227 1050 2472 1105 omnium
2518 1050 2591 1104 ad
2647 1066 2705 1119 se
2750 1052 2954 1116 trahet,
3018 1053 3266 1108 omnium
3309 1068 3369 1107 se
3403 1052 3638 1109 minime

2048 1141 2255 1198 habere
2316 1153 2538 1212 putans.
2591 1145 2839 1216 Namque
2880 1161 2949 1202 ex
2990 1147 3212 1202 illorum
3243 1162 3365 1215 qua:
3395 1146 3501 1202 sibi
3535 1145 3636 1201 ad-

2048 1237 2159 1292 huc
2189 1236 2401 1292 desunt
2425 1236 2762 1307 cupiditate,
2801 1253 2896 1315 sua
2950 1240 3172 1309 pronria
3204 1239 3460 1306 metiens,
3497 1240 3635 1294 nihil

2049 1328 2166 1384 haec
2198 1344 2310 1398 prae
2337 1329 2448 1384 illis
2471 1345 2595 1385 esse
2614 1329 2901 1401 iudicabit.
2926 1331 3109 1398 Quare
3137 1340 3193 1387 et
3226 1332 3451 1402 quidam
3475 1331 3635 1400 dixit,

2049 1421 2187 1475 nihil
2242 1436 2410 1476 avaro
2442 1437 2566 1477 esse
2592 1421 2841 1493 iniquius
2874 1441 2889 1478 :
2925 1438 3053 1478 nam
3113 1424 3276 1478 homo
3316 1425 3633 1495 huiusmodi

2048 1527 2108 1567 se
2167 1512 2346 1582 ipsum
2392 1528 2615 1583 quoque
2677 1514 2867 1581 tradit,
2940 1524 2998 1570 et
3049 1516 3368 1571 communis
3424 1515 3637 1570 incedit

2051 1604 2243 1658 mundi
2271 1604 2469 1670 hostis,
2501 1603 2698 1659 dolens
2729 1604 2877 1674 quod
2939 1596 3137 1659 aurum
3164 1620 3265 1675 pro
3296 1604 3465 1673 spicis
3493 1615 3637 1659 terra

2049 1710 2161 1750 non
2200 1694 2364 1756 ferat.
2394 1704 2451 1750 et
2479 1711 2580 1765 pro
2613 1694 2844 1751 fluentis
2881 1695 3086 1762 fontes,
3138 1707 3192 1751 ct
3221 1711 3322 1766 pro
3360 1696 3639 1765 lapidibus

2048 1799 2301 1843 montes:
2338 1788 2583 1843 irascens
2609 1788 2739 1842 anni
2777 1788 3041 1852 ubertati,
3069 1798 3128 1844 et
3158 1789 3213 1842 in
3248 1786 3641 1843 communibus

2046 1879 2214 1935 bonis
2247 1880 2596 1950 angustiatus
2619 1897 2634 1945 ;
2661 1880 2967 1951 quamlibet
2995 1879 3340 1936 occasionem
3371 1893 3642 1949 respuens

2052 1968 2198 2024 unde
2229 1984 2336 2024 non
2371 1970 2446 2024 sit
2475 1980 2767 2041 argentum
2833 1986 3072 2041 capere;
3101 1970 3287 2025 omnia
3328 1969 3637 2040 perferens,

2052 2060 2199 2116 unde
2251 2061 2338 2116 vel
2394 2060 2540 2116 duos
2593 2071 2803 2117 tantum
2852 2061 3049 2117 obolos
3095 2062 3396 2117 corradere
3428 2061 3637 2128 liceat;

2052 2168 2247 2209 omnes
2275 2153 2405 2210 odio
2433 2153 2645 2209 habens
2676 2169 2949 2224 pauperes
2989 2168 3053 2209 ac
3082 2153 3316 2210 divites:
3345 2168 3641 2224 pauperes,

2057 2260 2130 2298 ne
2174 2245 2317 2299 forte
2380 2245 2712 2301 accedentes
2766 2254 2991 2316 petant;
3049 2246 3280 2311 divites,
3332 2246 3462 2315 quia
3522 2261 3639 2299 rem

2054 2334 2278 2391 illorum
2338 2352 2451 2391 non
2499 2337 2671 2392 habet
2730 2355 2742 2390 :
2802 2352 2999 2393 omnes
3027 2354 3124 2393 sua
3158 2339 3339 2407 ipsius
3362 2337 3647 2407 possidere

2054 2429 2374 2495 existimat;
2398 2438 2453 2486 et
2481 2431 2641 2500 quasi
2665 2430 2734 2485 ab
2791 2422 3051 2486 omnibus
3077 2430 3391 2495 fraudatus,
3423 2431 3504 2484 ita
3531 2447 3649 2484 oui-

2056 2522 2222 2576 nibus
2243 2532 2327 2576 est
2361 2523 2538 2578 iratus
2567 2540 2583 2576 :
2617 2524 2987 2593 repletioncm
3052 2539 3160 2578 non
3215 2524 3391 2587 novit,
3421 2523 3647 2577 salicta-

2059 2622 2170 2666 tcm
2211 2611 2412 2667 nescit.
2456 2614 2513 2666 ln
2550 2613 2797 2668 tenebris
2848 2628 3075 2669 versans
3105 2613 3175 2667 ob
3205 2612 3454 2680 pecuniae
3493 2626 3649 2667 amo-

2060 2720 2200 2772 rem,
2260 2720 2447 2760 rerum
2506 2706 2983 2761 restimabiliorum
3043 2706 3520 2775 pulchritudinem
3591 2713 3652 2760 ut

2060 2812 2161 2868 par
2207 2805 2292 2853 est
2350 2813 2461 2852 non
2509 2798 2761 2868 agnoscit
2805 2837 2819 2862 ,
2855 2799 3317 2866 quemadmodum
3375 2812 3475 2851 nec
3535 2797 3648 2860 ille,

2061 2890 2153 2961 qui
2207 2890 2265 2943 in
2319 2888 2568 2944 tenebris
2593 2890 2951 2944 sensibilibus
2989 2891 3168 2953 sedet,
3195 2906 3426 2945 cernere
3470 2897 3655 2960 potest

2062 2980 2531 3051 pulchritudinem
2566 2981 2875 3036 oblatorum
2904 2983 2956 3037 ei
2992 2982 3235 3053 lapidum
3252 2984 3651 3052 pretiosorum,

2062 3083 2155 3128 aut
2186 3088 2481 3127 aureorum
2518 3088 2800 3134 vasorum.
2828 3084 2925 3129 aut
2953 3076 3190 3129 vestium
3216 3089 3649 3144 purpurearum.

2065 3166 2441 3221 Tenebrarum
2497 3181 2694 3236 reapse
2738 3167 3199 3222 intellectualium
3244 3171 3419 3221 instar
3447 3174 3526 3221 est
3550 3181 3652 3235 pe-

2066 3259 2241 3312 cuniac
2278 3273 2452 3321 amor,
2483 3273 2597 3312 rem
2623 3257 2833 3312 nullam
2883 3259 3104 3328 patiens
3133 3257 3311 3312 videri
3348 3257 3426 3311 uti
3460 3273 3652 3313 revera

2066 3359 2170 3414 est,
2201 3349 2296 3405 sed
2332 3351 2531 3404 aliter:
2569 3350 3019 3421 quandoquidem
3065 3366 3333 3420 nusquam
3360 3351 3435 3404 ita
3465 3365 3650 3406 rerum

2070 3451 2266 3496 natura
2322 3451 2577 3512 apparet,
2638 3454 2699 3498 ut
2739 3443 2793 3498 in
2853 3453 3186 3514 paupertate
3228 3459 3547 3514 :nusquam
3575 3445 3656 3499 sic

2069 3546 2451 3607 coarguuntur
2485 3553 2609 3608 qua:
2633 3539 2895 3594 videntur
2919 3553 3064 3604 esse,
3129 3552 3253 3594 cum
3294 3554 3404 3593 non
3434 3538 3562 3604 sint,
3596 3548 3658 3592 ut

2071 3627 2126 3682 in
2164 3629 2536 3698 philosophia.

2143 3720 2198 3774 5.
2254 3720 2433 3790 Atque
2490 3731 2550 3774 ut
2598 3721 2929 3790 compendio
2994 3721 3266 3787 dicamus,
3323 3737 3525 3778 avarus
3580 3730 3660 3778 tot

2076 3812 2356 3880 tantisque
2398 3813 2737 3867 constrictus
2786 3813 2967 3878 malis,
3003 3815 3251 3867 omnium
3277 3824 3362 3869 est
3394 3814 3661 3871 infelicis-

2074 3904 2249 3958 simus
2307 3920 2321 3955 :
2379 3904 2525 3959 sicut
2575 3905 2823 3959 vicissim
2884 3906 2979 3973 qui
3037 3905 3301 3960 hiscaret
3325 3916 3381 3959 et
3414 3906 3662 3972 philoso-

2076 3996 2297 4067 phatur,
2336 4010 2447 4065 prae
2476 3996 2739 4049 omnibus
2776 3996 3145 4050 tumulandus.
3207 3997 3426 4050 Etenim
3454 3998 3659 4052 virtute

2075 4088 2339 4159 praeditus
2364 4088 2469 4150 vir,
2494 4088 2610 4143 sive
2636 4088 2876 4142 fauiulus
2930 4089 3001 4142 sit
3035 4091 3150 4144 sive
3180 4089 3370 4155 herus,
3408 4091 3658 4144 omnium

2076 4187 2163 4237 est
2219 4180 2573 4236 beatissimus
2630 4198 2643 4233 :
2701 4194 2866 4235 nemo
2908 4181 3116 4252 quippe
3183 4181 3233 4236 ei
3288 4181 3429 4236 male
3472 4181 3661 4249 faciet,

2078 4273 2290 4330 etiamsi
2331 4289 2394 4327 ex
2422 4274 2555 4327 orbe
2589 4274 2848 4328 universo
2891 4289 3085 4329 omnes
3116 4274 3472 4339 conveniant,
3509 4290 3665 4331 arma

2080 4362 2471 4433 exercitusque
2538 4372 2845 4427 moventes,
2901 4361 3066 4432 eique
3096 4362 3306 4417 bellum
3340 4361 3663 4417 inferentes.

391 4463 541 4534 αὐτῷ
568 4479 584 4497 ο
617 4465 645 4517 6
673 4462 729 4518 δὲ
758 4463 1035 4534 μοχθηρὸς
1083 4465 1180 4518 κοιλ⁸
1229 4466 1433 4534 φαῦλος
1461 4470 1557 4521 καὶ
1583 4468 1827 4534 τοιοῦτος
1862 4463 1963 4523 οἶοι

2083 4460 2146 4512 At
2201 4473 2405 4527 pravus
2462 4464 2520 4512 et
2567 4471 2829 4525 nequam,
2890 4466 2946 4510 et
3000 4455 3218 4526 qualem
3244 4454 3667 4525 descripsimus,

390 4555 791 4627 διεγράψαμεν,
825 4556 930 4610 κᾶν
956 4556 1216 4627 βασιλεὺς
1242 4553 1301 4631 ᾗ,
1324 4560 1429 4613 κᾶν
1456 4562 1628 4631 μυρία
1665 4564 1976 4633 περίκειται

390 4651 721 4721 διαδήματα,
780 4649 883 4705 κᾶν
934 4652 1194 4721 στρατιὰν
1253 4653 1354 4725 ἔχῃ
1422 4654 1822 4727 πολυάριθμον,
1879 4658 1978 4711 καὶ

392 4743 546 4810 παρὰ
583 4742 677 4795 τοῦ
726 4742 985 4813 τυχόντος
1040 4743 1108 4797 τὰ
1149 4743 1354 4814 ἔσχατα
1413 4745 1683 4802 πείσεται.
1728 4745 1975 4818 Οὕτωςή

392 4834 562 4887 κακία
596 4833 853 4896 ἁσθενέςί
886 4832 1059 4896 οὕτως
1099 4834 1319 4903 ἰσχυρὸν
1348 4836 1380 4905 ἡ
1411 4836 1580 4905 ἀρετή
1615 4837 1628 4889 i
1683 4839 1747 4890 Τί
1796 4838 1978 4891 τοίνυν

392 4921 701 4994 ἐπιθυμῶν,
725 4921 1005 4993 ἄνθρωπε,
1027 4925 1351 4994 χρημάτων,
1378 4923 1600 4986 πενθεῖς
1628 4923 1703 4987 ὡς
1732 4927 1790 4976 ἐν
1820 4925 1981 4996 πενία

394 5014 502 5081 ῶν;
537 5016 591 5070 τί
647 5015 886 5087 θρηνεῖς,
916 5015 1110 5088 ἑορτὴν
1162 5014 1357 5085 drum;
1405 5017 1503 5071 καὶ
1568 5016 1676 5088 γὰρ
1721 5017 1925 5088 ἑορτῶν
1954 5019 1982 5070 6

393 5109 591 5178 καιρός
618 5123 632 5138 '
668 5107 723 5160 τί
747 5107 983 5174 κλαίεις,
1017 5106 1250 5160 πλούτου
1303 5106 1482 5179 ἐρῶν;
1516 5109 1612 5162 καὶ
1664 5111 1774 5180 γὰρ
1804 5112 1980 5181 πανή-

394 5217 554 5269 γυρις
616 5201 650 5272 ἡ
707 5200 945 5270 πτωχία,
1013 5200 1081 5253 ἂν
1136 5204 1448 5271 σωφρονῇς.
1501 5201 1588 5268 Τί,
1642 5195 1687 5255 ὧ
1743 5203 1980 5268 παιδίον,

395 5293 603 5366 δδύρῃ;
658 5289 870 5345 παιδίον
909 5290 1019 5362 γὰρ
1064 5291 1144 5343 δεῖ
1193 5291 1285 5343 τὸν
1336 5290 1582 5345 τοιοῦτον
1612 5292 1824 5349 καλεῖν.
1869 5293 1985 5346 Οὐκ

398 5387 543 5457 ἔχεις
615 5388 918 5457 χρήματα,
961 5386 1132 5453 πένης
1184 5383 1298 5450 ὦν;
1360 5386 1603 5455 μεγάλου
1655 5385 1705 5441 εί
1759 5387 1984 5457 φορτίου

398 5478 826 5548 ἀπηλλαγμένος
851 5492 866 5508 ’
903 5476 1106 5546 μᾶλλον
1136 5477 1194 5531 δὲ
1226 5477 1546 5549 θαυμαστὸς
1592 5477 1645 5534 εἷ
1674 5480 1774 5533 καὶ
1808 5481 1986 5552 μακά-
2026 5496 2037 5511 ·

402 5590 545 5642 ριος,
599 5573 699 5644 τῆς
756 5573 1078 5643 φρονήσεως
1135 5573 1231 5625 καὶ
1285 5574 1586 5644 καρτερίας
1644 5574 1739 5628 καὶ
1803 5575 1986 5643 πάσης

402 5661 726 5730 φιλοσοφίας
766 5662 1096 5716 διδάσκαλον
1147 5663 1311 5733 ἔχων,
1349 5664 1495 5734 φημὶ
1533 5664 1591 5716 δὲ
1619 5663 1719 5735 τὴν
1766 5666 1982 5728 πενίαν,

402 5747 559 5825 ﬁmi.
607 5756 633 5807 6
678 5755 931 5827 Λάζαρος
994 5754 1169 5821 συζῶν
1220 5756 1684 5828 ὲστεφαν;ῦτοσῆ
1740 5756 1833 5810 καὶ
1893 5758 1986 5810 τὸν

2081 4549 2335 4622 quamvis
2393 4565 2488 4603 rex
2546 4551 2622 4603 sit
2662 4557 2720 4604 et
2781 4547 3061 4603 sexcentis
3112 4557 3349 4602 ornatus
3411 4547 3668 4611 coronis,

2082 4642 2339 4711 quamvis
2379 4654 2745 4694 numerosum
2770 4638 3075 4693 exercitum
3113 4638 3333 4702 habeat,
3365 4651 3394 4692 a
3420 4636 3672 4708 quolibet

2084 4732 2317 4788 summis
2351 4733 2510 4786 malis
2541 4731 2682 4785 allici
2727 4730 2952 4800 poterit.
2998 4728 3151 4784 Adeo
3175 4730 3418 4799 nequitia
3450 4729 3670 4782 infirma

2083 4827 2199 4881 est!
2254 4825 2393 4879 adeo
2447 4824 2625 4879 valida
2657 4823 2868 4877 virtus!
2908 4822 3020 4876 Cur
3053 4837 3207 4892 ergo.
3236 4837 3268 4876 ο
3295 4821 3462 4875 homo
3499 4836 3672 4891 pecu~

2084 4919 2191 4972 nire
2226 4917 2446 4986 cupide,
2474 4919 2627 4984 luges
2659 4925 2917 4984 tanquam
2942 4916 2999 4970 in
3023 4915 3307 4987 egestate?
3338 4931 3437 4970 cur
3466 4918 3673 4969 lamen-

2088 5010 2221 5065 taris
2248 5011 2305 5064 in
2341 5009 2690 5064 solemnitate
2711 5009 2734 5061 ?
2754 5009 2888 5062 Nam
2920 5009 3289 5063 solemnitatis
3317 5008 3423 5061 hoc
3454 5015 3672 5076 tempus

2086 5113 2190 5159 est.
2249 5102 2362 5158 Cur
2407 5101 2527 5167 ﬂes,
2578 5101 2898 5156 divitiarum
2934 5101 3188 5154 amator?
3218 5100 3397 5154 instar
3445 5099 3542 5153 tibi
3577 5114 3673 5153 so-

2087 5197 2391 5254 lemuitatis
2451 5206 2749 5267 paupertas
2806 5195 2934 5260 erit,
2987 5197 3032 5250 si
3086 5211 3218 5250 sana
3261 5203 3445 5249 mente
3474 5194 3670 5249 fueris.

2089 5292 2221 5358 Cur,
2267 5306 2428 5362 puer,
2487 5290 2702 5361 cjulas?
2755 5289 2892 5343 Nam
2928 5303 3163 5359 puerum
3198 5287 3479 5358 appellare
3510 5300 3677 5358 opor-

2091 5395 2169 5442 tet
2229 5385 2510 5441 hominem
2568 5383 2904 5454 hujusmodi.
2953 5383 3071 5437 Non
3136 5380 3311 5435 hach
3356 5380 3674 5450 pecuniam,

2090 5480 2219 5549 quia
2269 5492 2480 5549 pauper
2523 5477 2616 5531 es?
2667 5491 2865 5543 magno
2931 5475 3177 5544 pondere
3238 5488 3299 5528 es
3355 5472 3673 5528 liberatus:

2093 5573 2206 5627 imo
2255 5572 2425 5626 etiam
2479 5569 2839 5625 admirandus
2897 5583 2959 5622 es
3000 5582 3063 5622 ac
3093 5567 3313 5632 beatus,
3342 5566 3472 5637 quia
3493 5564 3676 5620 omnis

2093 5664 2455 5734 philosOphize
2509 5663 2823 5733 magistram
2890 5660 3061 5716 habes
3108 5660 3448 5730 pauperiem,
3480 5658 3535 5712 in
3565 5673 3672 5727 qua

2095 5757 2263 5811 vitam
2316 5756 2523 5827 degens
2579 5754 2817 5809 Lazarus
2871 5753 3265 5810 coronabatur.
3322 5751 3448 5807 lixc
3497 5749 3669 5807 iacui:
