4074 6518
402 384 516 449 979

1533 391 1947 455 ἸἮΕΟΒΟΒΙ
1985 393 2332 455 ΜΕωΤΕἰί
2347 392 2544 453 ΙΟΤ.Ε

3561 387 3674 450 980

401 503 535 561 fecit
562 504 854 567 illustrem,
890 518 1032 575 pane
1088 510 1298 560 tantum
1328 506 1493 574 potiri
1522 507 1866 578 cupientem.
1899 507 1982 563 Ob

2097 509 2296 563 Ίακωϐ
2354 507 2524 573 ἔδειξα
2586 506 2877 577 λαμπρὸν,
2937 501 3102 576 ἄρτου
3164 506 3328 576 μόνου
3385 505 3670 577 ἐπιτυχεῖν

401 597 549 651 hanc
575 594 879 667 Josephum
907 611 1132 665 quoque
1190 596 1537 652 admiramur
1557 639 1573 663 ,
1598 600 1693 668 qui
1720 598 1775 653 in
1801 608 1986 654 extre-

402 704 549 745 mam
579 689 807 745 devenit
830 689 1173 759 pauperiem,
1205 704 1385 759 neque
1417 692 1473 744 in
1500 691 1825 745 servitutem
1865 703 1987 745 tan-

402 780 694 836 tummodo
743 781 840 837 sed
886 790 947 836 et
990 782 1046 837 in
1102 795 1386 837 carcerem
1451 800 1471 837 :‘
1521 798 1702 854 neque
1731 784 1879 838 hunc
1910 784 1986 839 ita

402 872 694 929 laudamus
752 887 878 928 cum
912 871 1258 929 frumentum
1311 875 1614 941 distribuit,
1651 891 1815 946 quam
1856 891 1984 930 cum

403 980 682 1021 carcerem
712 964 985 1020 incoluit:
1020 981 1197 1035 neque
1226 975 1337 1021 tam
1370 966 1425 1022 in
1461 967 1791 1028 diademate.
1820 984 1987 1038 quam

404 1057 458 1111 in
483 1057 760 1113 vinculis:
794 1073 977 1127 neque
1012 1067 1120 1114 tam
1145 1059 1369 1128 quando
1421 1060 1476 1115 in
1509 1063 1711 1116 throno
1734 1061 1985 1129 sedebat,

402 1159 569 1212 quam
593 1159 719 1199 cum
757 1144 987 1200 insidias
1014 1162 1210 1216 passus
1234 1148 1663 1205 divendebatnr.

472 1236 526 1291 6.
558 1237 629 1292 At
682 1237 830 1293 enim
889 1238 958 1294 ab
1016 1240 1215 1314 aliquo;
1261 1243 1624 1313 contemptim
1681 1259 1988 1314 percussus

402 1325 577 1391 fuisti,
614 1337 874 1399 tanquam
932 1312 1218 1399 pauperf
1247 1331 1443 1388 fortior
1494 1312 1624 1388 hinc
1670 1312 1847 1391 factus
1903 1352 1984 1391 es.

406 1415 511 1472 Sed
542 1431 722 1489 neque
751 1418 953 1475 nobilis
985 1434 1046 1475 es
1081 1434 1259 1489 neque
1290 1422 1540 1493 dynasta,
1577 1424 1707 1493 quia
1754 1425 1989 1480 inhono-

403 1518 556 1567 ratus
596 1521 659 1566 ut
687 1526 875 1583 egens.
907 1511 1076 1584 Atqui
1111 1515 1191 1569 sic
1226 1515 1361 1569 mihi
1406 1515 1554 1570 aliud
1589 1531 1779 1571 narras
1816 1518 1989 1572 liber-

403 1602 531 1657 tatis
559 1619 751 1674 genus.
769 1604 914 1661 Audi
938 1616 994 1673 ct
1024 1607 1279 1663 ethnicos
1299 1607 1365 1662 de
1391 1608 1479 1663 his
1511 1608 1986 1679 philosophantes,

409 1693 771 1766 dicentesque
828 1696 1190 1779 nihilgrave
1248 1698 1484 1768 perpeti,
1517 1698 1612 1770 qui
1671 1699 1744 1754 ita
1802 1701 1989 1755 animo

401 1788 583 1842 affecti
644 1796 794 1843 sunt.
858 1788 928 1844 At
953 1788 1185 1847 domum
1224 1791 1569 1860 splendidam
1604 1799 1662 1847 et
1691 1792 1984 1863 insignem,

2088 596 2458 669 ἐπιθυμοῦντα
2484 615 2500 632 ’
2536 599 2606 653 δι’
2633 598 2700 669 ἢν
2733 603 2829 652 καὶ
2871 596 2962 650 τὸν
2987 594 3189 667 Ἰωσὴφ
3227 597 3585 669 θαυμάζομεν
3611 603 3671 655 ἐν

2087 693 2293 763 ἐσχάτῃ
2330 692 2627 762 γενόμενον
2684 690 2849 761 πενίᾳ
2878 726 2897 753 ,
2947 691 3043 745 καὶ
3090 689 3214 760 οὐχὶ
3270 689 3456 745 δοῦλον
3510 693 3674 759 μόνον

2087 785 2419 854 γενόμενον,
2463 784 2602 838 ἀλλὰ
2676 783 2773 837 καὶ
2834 780 3165 851 δεσμώτην·
3216 781 3276 835 οὗ
3333 781 3443 851 γάρ
3496 782 3670 846 οὕτως

2087 873 2421 946 ἐπαινοῦμεν
2452 876 2617 930 αὐτὸν
2650 876 2739 928 ὅτε
2763 874 2855 927 τὸν
2888 875 3038 927 σῖτον
3063 875 3352 946 διένειμεν,
3385 874 3461 938 ὡς
3493 876 3582 929 ὅτε
3610 875 3679 928 τὸ

2086 966 2467 1039 δεσμωτήριον
2500 965 2637 1036 ᾤκει
2655 982 2672 998 ·
2706 965 2829 1018 οὐδὲ
2854 965 2945 1017 ὅτε
2973 965 3032 1017 τὺ
3062 964 3304 1035 διάδημα
3329 967 3665 1034 περίεκειτο,

2088 1059 2164 1121 ὡς
2200 1059 2290 1112 ὅτε
2343 1059 2441 1128 τὴν
2472 1057 2700 1111 ἅλυσινο
2749 1057 2861 1109 οὐδ’
2904 1056 2994 1109 ὅτε
3043 1057 3136 1109 ἐπὶ
3190 1057 3286 1109 τοῦ
3316 1058 3508 1126 Θρόνου
3541 1059 3673 1111 ἐκα-

2090 1148 2302 1214 θέζετο,
2329 1150 2403 1211 ὡς
2433 1149 2523 1202 ὅτε
2553 1146 2953 1200 ἐπεϐουλεύετο
2983 1150 3078 1201 καὶ
3107 1147 3393 1202 ἐπωλεῖτο.

2161 1239 2240 1305 ς’.
2284 1240 2425 1306 Ἀλλ’
2462 1238 2773 1309 ἐτυπτήθης
2801 1240 2952 1306 παρά
2985 1255 3130 1303 τινος
3151 1239 3227 1302 ὡς
3257 1238 3471 1309 πτωχὸς
3502 1255 3674 1292 κατί-

2089 1331 2384 1404 φρονηθείς
2418 1350 2434 1396 ;
2472 1331 2569 1384 καὶ
2602 1330 2655 1385 τί
2687 1328 2849 1385 τοῦτο
2881 1348 2897 1398 ;
2954 1329 3432 1401 καρτερικώτερος
3486 1330 3676 1383 b156-

2089 1427 2181 1480 θεν
2211 1426 2422 1495 ἐγένου.
2458 1424 2602 1479 Ἀλλ’
2630 1425 2691 1477 οὐ
2713 1424 2984 1495 κέκτησαι
3030 1424 3195 1490 δόξαν
3216 1423 3309 1477 καὶ
3327 1423 3677 1487 δυναστείαν,

2087 1519 2279 1590 ἄτιμος
2309 1518 2385 1573 ὢν
2420 1518 2498 1580 ὡς
2527 1519 2721 1585 πένης.
2755 1517 2926 1571 Πάλιν
2963 1516 3131 1587 ἄλλης
3164 1516 3481 1588 ἐλευθερίας
3535 1513 3673 1579 εἶδός

2091 1628 2183 1683 μοι
2219 1610 2423 1681 λέγεις.
2458 1612 2725 1665 Ἄκουσον
2749 1608 2972 1664 καὶτῶν
2997 1609 3104 1676 ἔξω
3124 1608 3297 1663 ταῦτα
3327 1610 3678 1678 φιλοσοφούν-

2088 1721 2196 1757 των
2222 1705 2317 1758 καὶ
2338 1702 2612 1772 λεγόντων
2641 1701 2808 1772 μηδὲν
2830 1701 3161 1756 πεπονθέναι
3182 1700 3355 1755 δεινὸν
3385 1702 3510 1763 τοὺς
3531 1700 3683 1755 οὕτω

2090 1795 2445 1867 φρονοῦντας.
2478 1793 2645 1854 ,Ἀλλ’
2695 1792 2882 1847 οἰκίαν
2928 1793 3030 1846 οὐκ
3075 1792 3223 1863 ἔχεις
3266 1793 3529 1863 λαμπρὰν
3578 1786 3673 1845 καὶ

399 1888 459 1931 et
490 1880 661 1947 septis
690 1880 998 1950 praeditam,
1038 1898 1149 1937 non
1183 1855 1378 1948 habes,
1410 1883 1540 1952 quia
1574 1883 1773 1954 opibus
1800 1855 1985 1950 cares,

2089 1855 2368 1958 περιφανῆ
2407 1855 2502 1940 καὶ
2532 1884 2859 1954 περιϐόλους
2890 1884 3014 1955 ἔχου
3028 1855 3150 1949 σαν,
3183 1881 3282 1937 ἅτε
3313 1855 3677 1953 στερούμενος

402 1971 639 2043 ideoque
697 1975 797 2030 has
826 1985 1075 2047 emptas.
1125 1978 1206 2033 Eu
1247 1994 1378 2033 vero
1410 1981 1671 2036 universa
1723 1990 1868 2035 terra
1931 1980 1987 2034 in

402 2078 704 2137 conspectu
745 2080 839 2123 tuo
888 2066 993 2134 est,
1028 2070 1247 2140 publica
1279 2070 1533 2136 aedilicia,
1566 2072 1682 2126 sive
1722 2071 1853 2126 hinc
1896 2070 1990 2126 de-

399 2160 751 2217 lectationem
791 2163 908 2219 sive
967 2178 1127 2219 usum
1181 2179 1378 2232 capere
1408 2163 1565 2219 velis.
1616 2163 1759 2231 Quid
1823 2179 1988 2234 porro

397 2253 703 2323 jucundius
731 2256 930 2326 quidve
957 2257 1244 2328 pulchrius
1270 2258 1394 2313 coeli
1433 2256 1802 2323 firmamento,
1837 2257 1985 2327 quod

402 2344 564 2400 nobis
588 2346 735 2403 Deus
771 2349 1022 2405 extendit
1054 2348 1324 2405 lacunar?
1348 2349 1484 2403 Nam
1516 2357 1574 2404 et
1608 2349 1779 2404 nostri
1809 2349 1986 2418 gratia

401 2447 650 2493 creatum
677 2439 803 2507 fuit,
835 2449 891 2494 et
917 2455 1213 2495 commune
1249 2451 1336 2497 est
1363 2442 1603 2506 cunctis,
1631 2453 1688 2497 et
1723 2441 1983 2506 maxime,

401 2528 474 2584 ob
502 2529 970 2599 pulchritudinem
994 2546 1148 2587 suam
1182 2532 1442 2589 idoneum
1474 2533 1641 2589 menti
1665 2533 1731 2587 ad
1753 2534 1986 2590 Creatov

402 2638 517 2676 rem
554 2637 777 2678 sursum
833 2623 1179 2679 extollendze.
1218 2623 1519 2695 Quousque
1547 2640 1646 2681 nos
1681 2631 1991 2681 amor'tan-

402 2725 592 2785 (opere
631 2716 985 2785 prmsentium
1030 2732 1215 2771 rerum
1245 2716 1543 2786 occupabit
1579 2717 1985 2787 superﬂuarum

399 2814 564 2876 atque
595 2805 916 2861 inutilium?
959 2805 1096 2861 Nam
1126 2806 1333 2861 divitia:
1372 2807 1518 2862 inter
1547 2823 1637 2864 res
1678 2807 1986 2878 superfluas

399 2910 750 2971 reputantur,
806 2915 1038 2971 quarum
1089 2901 1239 2957 nulla
1271 2911 1360 2956 est
1405 2902 1636 2958 utilitas.
1687 2901 1987 2971 Quousque

398 2995 741 3051 vanitatibus
792 2994 1234 3051 inharebimus?
1278 2994 1581 3065 Quousque
1634 2996 1807 3051 caelos
1874 3008 1983 3049 non

401 3087 814 3159 suspiciamus?
842 3102 951 3143 non
984 3087 1156 3143 sobrii
1199 3086 1447 3141 erimus?
1484 3102 1590 3143 non
1625 3088 1849 3143 satietas
1876 3095 1985 3143 ter-

2087 1981 2413 2051 χρημάτων,
2457 1979 2553 2032 καὶ
2582 1978 2670 2031 διὰ
2709 1975 2869 2032 τοῦτο
2897 1977 3108 2030 τούτων
3143 1977 3334 2049 ὀρέγῃ.
3381 1977 3521 2031 Ἀλλ’
3563 1978 3671 2032 ίδοίι

2094 2072 2246 2125 πᾶσα
2272 2071 2305 2139 ὴ
2333 2069 2407 2140 γῆ
2448 2067 2683 2123 ἐνώπιόν
2719 2084 2837 2132 σου,
2866 2067 2933 2121 τὰ
2964 2066 3204 2136 δημόσια
3234 2058 3493 2139 οίκοδομή
3504 2086 3671 2137 ματα,
3774 2126 3779 2129 _

2088 2164 2200 2219 εἴτε
2227 2165 2311 2228 είς
2344 2163 2564 2233 τέρψιν,
2595 2164 2706 2215 εἴτε
2731 2161 2813 2224 είς
2843 2160 3032 2231 χρείαν
3058 2161 3201 2230 ἔχειν
3226 2160 3449 2224 ἐθέλεις.
3486 2162 3591 2214 Καὶ
3619 2159 3673 2213 τί

2085 2257 2449 2328 τερπνότερον
2498 2258 2594 2311 καὶ
2642 2256 2977 2327 ὡραιότερον
3023 2255 3118 2307 τοῦ
3154 2252 3534 2324 στερεώματος
3575 2253 3670 2306 τοῦ

2085 2351 2341 2420 ούρανοῦ,
2374 2350 2433 2404 δν
2466 2350 2495 2404 ό
2521 2349 2655 2412 Θεὸς
2683 2352 2816 2418 ἡμῖν
2863 2348 3130 2412 ἐξέτεινεν
3155 2347 3391 2416 ὅροφον;
3443 2346 3534 2398 καὶ
3563 2346 3673 2414 γάρ

2087 2443 2156 2498 δι’
2188 2444 2335 2515 ἡμᾶς
2369 2442 2585 2513 γέγονε,
2630 2442 2726 2496 καὶ
2753 2441 2934 2505 κοινός
2963 2440 3111 2494 ἐστιν
3142 2438 3348 2495 ἅπασιν
3379 2432 3540 2508 ἡμῖν,
3575 2436 3677 2492 καὶ

2085 2538 2155 2592 τὰ
2188 2536 2425 2607 μέγιστα
2452 2535 2672 2605 ὠφελεῖ,
2711 2535 2787 2595 ὡς
2814 2535 2902 2589 διὰ
2932 2533 3025 2587 τοῦ
3063 2533 3296 2595 κάλλους
3325 2533 3407 2595 είς
3443 2532 3531 2584 τὶν
3559 2532 3671 2602 Δησ

2089 2629 2352 2701 μιουργόν
2375 2626 2737 2697 ἀναπέμπων.
2760 2627 2939 2696 Μέχρι
2966 2624 3113 2688 τίνος
3128 2625 3157 2677 ό
3179 2624 3321 2694 ἔρως
3349 2624 3497 2693 ἡμᾶς
3523 2622 3671 2675 οὕτω

2086 2720 2309 2791 κατέχει
2327 2719 2438 2773 τῶν
2458 2719 2745 2788 παρόντων
2771 2718 3136 2787 πραγμάτων,
3153 2714 3263 2768 τῶν
3282 2715 3553 2783 περιττῶν
3579 2712 3668 2764 καὶ

2087 2816 2404 2885 ἀνονήτωνς
2436 2811 2465 2864 6
2496 2812 2606 2881 γὰρ
2646 2809 2879 2874 πλοῦτος
2905 2812 2962 2863 ἐν
2991 2809 3106 2872 τοῖς
3141 2824 3209 2860 πε
3219 2807 3441 2876 ριττοῖς.
3475 2805 3533 2856 ἐν
3587 2799 3669 2864 οἷς

2085 2905 2243 2960 οὐδὲν
2262 2903 2455 2970 ὄφελος
2486 2902 2721 2972 γίνεται.
2744 2900 2923 2971 Μέχρι
2942 2899 3089 2961 τίνος
3112 2895 3538 2968 προσηλούμεοα
3556 2893 3675 2953 τοῖς

2089 2997 2345 3067 ματαίοις
2369 3011 2386 3063 ;
2421 2995 2602 3065 Μέχρι
2631 2994 2778 3057 τίνος
2804 2992 2869 3045 οὐ
2901 2990 3271 3059 διαϐλέπομεν
3300 2988 3486 3049 ἐντοῖς
3509 2986 3670 3055 οὖρα-

2086 3095 2200 3156 νοίς
2234 3108 2250 3158 ;
2277 3091 2340 3145 οὐ
2369 3090 2619 3160 νήφομεν
2655 3104 2671 3155 ;
2703 3087 2766 3141 οὐ
2799 3084 3155 3155 λαμϐάνομεν
3200 3081 3362 3152 κόρον
3401 3080 3508 3133 τῶν
3551 3079 3669 3147 γηΐ-

403 3196 659 3236 rcnarum
726 3194 914 3235 rerum
986 3178 1373 3248 ﬂuxarumque
1423 3194 1524 3234 nos
1587 3178 1812 3247 capiet?
1874 3193 1982 3232 non

2091 3201 2197 3236 νων
2230 3182 2438 3236 τούτων
2481 3179 2578 3232 καὶ
2608 3177 3035 3248 παραρρεόντων
3064 3193 3080 3241 ;
3108 3175 3170 3228 οὗ
3199 3171 3562 3242 παιδευόμεθα
3586 3169 3673 3222 διὰ

400 3275 638 3342 denique
703 3274 947 3344 ipsarum
1024 3272 1289 3326 vilitatem
1350 3274 1732 3339 experimento
1808 3270 1986 3325 disce-

402 3380 527 3419 mus
546 3365 571 3417 ?

471 3459 526 3510 7.
559 3456 878 3526 Cogitemus
915 3454 1042 3508 illos
1071 3452 1166 3520 qui
1216 3451 1416 3506 divites
1440 3460 1569 3506 ante
1612 3465 1713 3505 nos
1764 3452 1991 3506 exstite-

404 3561 566 3610 runt;
627 3561 816 3601 nonne
865 3545 956 3599 illa
989 3544 1175 3598 omnia
1210 3543 1510 3607 somnium,
1544 3544 1763 3610 umbra,
1794 3553 1847 3597 et
1891 3542 1989 3597 (los

402 3637 674 3717 fuerunt?
723 3650 907 3692 nonne
980 3634 1338 3691 rumusculos
1406 3643 1570 3705 atque
1619 3635 1852 3690 fabula?
1895 3635 1989 3689 llle

401 3732 557 3787 dives
584 3730 725 3798 fuit;
759 3738 815 3785 at
866 3745 1015 3785 nunc
1052 3728 1143 3785 ubi
1170 3727 1395 3795 divitiae,
1425 3744 1549 3799 quae
1574 3728 1802 3800 dilapsae
1860 3737 1991 3785 sunt

401 3836 456 3882 et
503 3825 817 3896 corrupta?
851 3823 959 3882 Sed
1021 3832 1243 3895 peccata
1291 3831 1517 3879 manent
1544 3823 1616 3879 ob
1668 3823 1789 3878 illas
1836 3837 1991 3878 com-

403 3921 595 3989 missa,
626 3929 683 3977 et
716 3927 945 3990 propter
975 3925 1199 3988 peccata
1239 3917 1474 3988 punitio.
1502 3916 1801 3987 Quousque
1828 3916 1985 3988 egeni

401 4028 467 4069 ac
492 4027 765 4083 pauperes
799 4027 891 4068 res
927 4010 1225 4066 dnraturas
1249 4010 1480 4081 fugient,
1509 4011 1784 4080 perituras
1813 4022 1990 4067 secta-

400 4106 663 4161 bantur?
705 4104 825 4160 Non
874 4111 960 4160 est
1010 4118 1342 4174 quemquam
1396 4103 1621 4158 divitem
1677 4117 1828 4169 esse,
1880 4103 1987 4157 nisi

400 4199 456 4253 in
516 4198 702 4253 anima
756 4198 1051 4267 epulentus
1102 4197 1214 4253 sit:
1263 4195 1426 4251 sicuti
1476 4195 1686 4250 nemini
1721 4197 1991 4267 contingit

401 4308 524 4349 esse
554 4291 808 4363 pauperi,
831 4292 937 4347 nisi
964 4291 1017 4345 in
1045 4290 1231 4345 animo
1248 4298 1627 4361 paupertatem
1656 4301 1831 4360 gerat.
1850 4290 1985 4345 Nam

400 4385 446 4439 si
483 4386 665 4454 potior
702 4393 788 4438 est
818 4382 996 4439 anima
1030 4397 1288 4453 corpore,
1329 4397 1438 4437 non
1468 4393 1679 4452 queunt
1715 4382 1987 4437 debiliora

400 4477 549 4530 illaut
586 4478 688 4532 sibi
741 4475 1044 4543 subjicere;
1077 4475 1172 4530 sed
1217 4490 1341 4545 quae
1369 4474 1552 4544 potior
1598 4483 1704 4539 est,
1743 4474 1832 4529 illa
1862 4490 1986 4544 qua:

400 4584 559 4637 mque
592 4583 702 4622 non
734 4577 863 4621 sunt
894 4566 1073 4621 valida
1093 4607 1108 4630 ,
1132 4566 1201 4621 ad
1224 4581 1283 4621 se
1316 4567 1482 4621 trahit
1508 4576 1673 4637 atque
1706 4576 1984 4621 trattsmu-
2020 4555 2064 4611 Ι)

400 4672 501 4715 tat.
566 4659 814 4728 Namque
870 4667 927 4712 et
979 4673 1076 4713 cor
1114 4658 1157 4713 si
1196 4658 1343 4729 quod
1380 4659 1641 4713 damnum
1677 4658 1985 4727 pertulerit,

398 4760 578 4805 tutum
612 4764 813 4819 corpus
842 4765 999 4820 atque
1033 4748 1254 4805 adlicit:
1283 4759 1336 4806 et
1367 4751 1410 4806 si
1439 4766 1646 4821 aegrum
1673 4749 1862 4813 fuerit,
1888 4750 1987 4804 ιοιὶ

402 4860 597 4900 massa
626 4854 824 4908 nocet;
866 4845 951 4898 sin
985 4844 1281 4907 incolume,
1313 4858 1707 4913 usquequaque
1739 4842 1983 4913 prodest.

404 4937 578 4993 Secus
615 4951 766 5002 vero,
799 4936 843 4992 si
870 4936 1019 5008 quod
1045 4936 1196 4993 aliud
1226 4935 1535 4991 membrum
1559 4935 1796 4995 laboret,
1819 4935 1987 4990 corde

401 5030 666 5086 incolumi
718 5040 997 5093 manente,
1051 5028 1212 5084 facile
1249 5037 1306 5083 et
1331 5027 1568 5082 aliorum
1611 5025 1986 5082 membrorum

400 5125 661 5178 damnum
699 5122 1037 5193 dispellitur.

467 5216 523 5271 8.
564 5215 636 5272 Ut
667 5225 851 5271 autem
879 5213 1224 5270 manifestius
1251 5212 1397 5283 quod
1429 5211 1555 5269 dico
1578 5211 1831 5278 efﬁciam,
1864 5225 1987 5281 quae

400 5309 614 5364 utilitas
648 5323 952 5374 ramorum,
985 5306 1077 5363 dic
1122 5305 1283 5372 mihi,
1314 5303 1699 5368 viridantium,
1731 5304 1780 5359 si
1829 5302 1988 5357 radix

400 5401 750 5473 marcescat?
799 5399 979 5456 Secus
1018 5408 1241 5462 autem,
1285 5396 1563 5468 quodnam
1591 5396 1987 5452 detrimentum

399 5495 659 5550 foliorum
697 5495 937 5564 desuper
970 5492 1365 5558 arescentium,
1405 5489 1707 5546 dummodo
1745 5503 1876 5543 sana
1916 5488 1989 5541 sit

399 5586 596 5640 radix?
648 5586 740 5641 Sic
769 5587 936 5641 etiam
992 5584 1139 5639 nulla
1180 5591 1268 5639 est
1300 5582 1620 5637 divitiarum
1652 5580 1883 5647 utilitas,
1940 5579 1986 5633 si

400 5678 582 5731 anima
634 5677 706 5732 sit
753 5666 1085 5748 paupercula
1122 5693 1137 5729 :
1169 5688 1351 5743 neque
1384 5672 1624 5728 vicissim
1666 5680 1825 5728 nocet
1856 5687 1989 5742 pau-

404 5768 667 5833 pertas.si
705 5767 886 5820 anima
921 5766 1080 5820 dives
1106 5765 1201 5820 sit.
1241 5765 1309 5816 At
1338 5762 1650 5832 quomodo,
1704 5761 1986 5832 inquiunt,

406 5854 560 5910 dives
588 5857 656 5910 sit
693 5859 873 5911 anima
922 5856 967 5911 si
1011 5856 1210 5926 apibus
1245 5854 1470 5911 careat?
1520 5853 1635 5909 lmo
1672 5868 1804 5910 vero
1856 5862 1987 5909 tunc

2089 3277 2191 3345 τῆς
2214 3275 2337 3346 πείρ
2351 3292 2417 3338 ας
2445 3273 2626 3326 αὐτῶν
2652 3271 2752 3340 τὴν
2790 3268 3106 3333 εὐτέλειαις

2164 3458 2231 3527 ζ’.
2273 3458 2652 3527 Ἐννοήσωμεν
2684 3455 2811 3518 τοὺς
2849 3453 2955 3523 api)
3004 3450 3165 3522 ἡμῶν
3223 3448 3671 3518 πλουτήσανταςο

2090 3555 2212 3623 οὐχ).
2235 3553 2370 3621 ὄναρ
2401 3552 2580 3605 πάντα
2608 3550 2794 3601 ἐκεῖνα
2829 3563 2843 3605 :
2873 3547 2994 3615 οὐχὶ
3026 3544 3152 3597 σκιά
3190 3542 3282 3595 καὶ
3312 3541 3469 3604 ἄνθος
3505 3557 3520 3607 ;
3552 3540 3673 3610 οὐχὶ

2090 3645 2337 3715 διήγημα
2370 3642 2466 3697 καὶ
2502 3640 2676 3710 μῦθος
2708 3658 2722 3703 ;
2751 3640 2780 3692 ὁ
2811 3636 2960 3692 δεῖνα
3010 3632 3509 3702 πεπλούτηκε,-καὶ
3566 3629 3669 3682 πού
3702 3686 3707 3689 _

2091 3737 2237 3792 νῦνὸ
2265 3734 2545 3798 πλοῦτιιςς
2617 3729 2896 3785 Ἀπώλετο
2941 3730 3036 3783 καὶ
3101 3728 3444 3796 διέφθαρται.
3512 3720 3674 3777 Ἀλλὰ

2089 3831 2159 3883 τά
2188 3829 2260 3882 δι’
2287 3826 2470 3883 αὐτῶν
2499 3825 2878 3897 ἁμαρτήματα
2907 3822 3078 3893 μένει,
3112 3822 3205 3873 καὶ
3230 3822 3262 3891 ὴ
3292 3819 3378 3873 διὰ
3394 3818 3461 3872 τὰ
3493 3818 3674 3885 ἁμαρ-

2089 3925 2315 3994 τήματα
2338 3921 2584 3983 κόλασις.
2616 3918 2796 3989 Μέχρι
2830 3916 2975 3979 τίνος
3006 3915 3211 3982 πτωχοὶ
3261 3914 3357 3967 καὶ
3421 3911 3668 3978 πένητες,

2090 4017 2160 4072 τά
2193 4016 2291 4086 μὲν
2321 4015 2556 4085 μένοντα
2584 4010 2901 4080 φεύγοντες,
2942 4007 3231 4071 διώκοντες
3259 4006 3315 4058 δὲ
3346 4005 3416 4059 τά
3451 4002 3673 4072 φεύγον-

2091 4127 2162 4164 τα
2198 4125 2215 4174 ;
2247 4108 2361 4162 Οὐκ
2393 4106 2511 4159 ἐστι
2542 4103 2806 4157 πλούσιον
2844 4097 2987 4154 εἶναι
3012 4099 3106 4153 τὸν
3144 4098 3219 4169 μὴ
3244 4100 3309 4167 τῇ
3341 4096 3484 4166 ψυχῇ
3510 4094 3672 4146 πλου-

2089 4198 2293 4253 τοῦντα
2328 4214 2341 4228 ·
2374 4196 2630 4266 καθάπερ
2667 4194 2767 4247 οὐκ
2799 4191 2876 4245 ἔνι
2911 4190 3129 4261 πτωχὸν
3179 4184 3319 4242 εἶναι
3351 4188 3444 4240 τὸν
3488 4186 3563 4256 μὴ
3614 4186 3675 4236 ἐν

2089 4293 2299 4364 διανοίᾳ
2322 4293 2517 4362 ἔχοντα
2563 4290 2662 4361 τὴν
2693 4286 2888 4341 πενίαν
2924 4302 2941 4319 ·
2969 4286 3016 4338 εί
3070 4284 3177 4354 γάρ
3211 4280 3541 4353 κυριώτερον
3577 4279 3670 4330 τοῦ

2093 4387 2344 4457 σώματος
2373 4387 2405 4455 ἡ
2432 4382 2602 4455 ψυχὴ,
2628 4382 2729 4436 οὐκ
2760 4379 2940 4450 ίσχύει
2968 4377 3035 4431 τὰ
3078 4376 3154 4447 μὴ
3205 4374 3530 4445 ἰσχυρότερα
3576 4372 3677 4424 αὗ-

2090 4481 2191 4552 τὴν
2218 4478 2484 4533 διαθεῖναι
2513 4475 2656 4545 πρὸς
2694 4472 2869 4527 ἑαυτά
2897 4487 2913 4504 ⁸
2937 4469 3057 4524 ἀλλ’
3086 4471 3119 4539 ή
3152 4469 3316 4538 κυρία
3344 4468 3408 4518 τὰ
3434 4464 3507 4536 μὴ
3529 4463 3672 4516 οὕτω

2092 4574 2263 4643 κύρια
2296 4571 2432 4643 πρὸς
2469 4567 2671 4639 ἑαυτὴν
2714 4565 3004 4634 ἐφέλκεται
3038 4564 3133 4615 καὶ
3167 4558 3540 4628 μεταϐάλλει·
3575 4557 3673 4609 καὶ

2090 4666 2200 4737 γὰρ
2229 4665 2261 4734 ἡ
2291 4661 2494 4732 καρδία
2529 4661 2662 4714 ὅταν
2694 4658 2819 4712 τινὰ
2868 4655 3090 4725 δέξηται
3124 4652 3349 4724 βλάϐην,
3422 4650 3566 4704 ἅπαν
3612 4648 3675 4701 τὸ

2094 4758 2253 4827 σῶμα
2284 4753 2432 4808 οὕτω
2460 4751 2781 4820 διατίθησι*
2824 4747 2930 4801 κᾶν
2962 4745 3265 4813 δύσκρατος
3315 4744 3563 4813 γένηται,
3594 4740 3675 4809 τῷ

2089 4849 2259 4903 παντὶ
2281 4844 2614 4916 λυμαίνεται
2657 4860 2672 4875 ·
2710 4842 2817 4895 κᾶν
2843 4839 3133 4909 εὔκρατος,
3164 4835 3226 4890 τὸ
3258 4837 3365 4889 πᾶν
3391 4835 3631 4904 ὀνίνησιν
3653 4850 3669 4864 ·

2090 4936 2159 4989 ἂν
2188 4935 2244 4988 δέ
2274 4950 2331 4986 τι
2360 4931 2473 4985 τῶν
2518 4930 2725 4985 λοιπῶν
2787 4927 3093 4998 διαφθαρῇ,
3132 4925 3342 4993 ταύτης
3403 4923 3673 4993 μενούσης

2090 5026 2301 5096 ὑγιοῦς,
2336 5023 2580 5087 εὐκόλως
2609 5022 2883 5076 κάκείνων
2902 5018 3000 5090 τὴν
3017 5017 3198 5088 λύμην
3219 5014 3667 5071 ἀποτινάσσεται.

2159 5223 2218 5278 η·
2256 5205 2378 5261 ἰνα
2403 5203 2459 5257 δὲ
2493 5203 2588 5255 καὶ
2617 5198 2954 5269 σαφέστερον
2975 5194 3004 5250 δ
3025 5195 3169 5263 λέγω
3195 5193 3426 5262 ποιήσω,
3457 5189 3513 5243 τι
3544 5187 3675 5241 κλά.

2088 5301 2194 5355 δων
2218 5297 2434 5368 ὄφελος,
2465 5296 2587 5347 εἰπέ
2611 5311 2724 5363 μοι,
2766 5289 3018 5361 χλωρῶν,
3040 5290 3170 5343 ὅταν
3190 5288 3224 5357 ἠ
3251 5284 3378 5357 ῥίζα
3406 5283 3675 5354 μαραινη-

2089 5399 2180 5446 ται
2215 5406 2232 5458 ;
2267 5390 2334 5442 Τί
2379 5388 2437 5441 δὲ
2470 5385 2666 5456 βλάϐος
2695 5384 2807 5437 τῶν
2858 5382 3068 5438 ἄνωθεν
3122 5376 3497 5449 ξηρανθέντων
3545 5373 3672 5443 φύλ-

2088 5485 2221 5548 λων,
2250 5476 2457 5551 ταύτης
2491 5477 2661 5548 ούσης
2691 5474 2917 5544 ὑγιοῦς;
2948 5473 3106 5527 Οὕτω
3136 5472 3233 5525 καὶ
3263 5467 3499 5523 ἐνταῦθα
3521 5466 3675 5520 οὐδὲν

2089 5575 2284 5644 ὄφελος
2339 5570 2670 5643 χρημάτων,
2722 5568 2904 5638 ψυχῆς
2970 5564 3141 5636 οὔσης
3201 5562 3462 5634 πενιχρᾶς
3493 5577 3510 5593 ο
3556 5559 3675 5612 οὐδὲ

2092 5664 2292 5736 βλάϐος
2318 5661 2536 5726 πενίας,
2558 5658 2741 5729 ψυχῆς
2775 5659 2945 5728 οὕσης
2977 5653 3259 5717 πλουσίας.
3290 5652 3402 5706 Καὶ
3445 5648 3560 5709 πῶς
3608 5648 3675 5701 ἂν

2089 5759 2301 5827 γένοιτο
2346 5754 2600 5821 πλουσία,
2661 5752 2819 5823 φησὶ,
2851 5750 2999 5820 ψυχὴ
3055 5751 3115 5804 ὲν
3173 5745 3333 5816 πενίᾳ
3381 5742 3674 5815 χρημάτων

2090 5847 2270 5917 οὗσα;
2330 5847 2585 5907 Μάλιστα
2648 5845 2713 5899 ἂν
2736 5844 2855 5898 τότε
2919 5843 3172 5923 γένοιτο·
3229 5836 3349 5890 τότε
3416 5834 3523 5905 γὰρ
3578 5830 3670 5902 καὶ
