4074 6480
347 354 446 421 981

1721 360 2065 421 ETlIlCON
2114 362 2218 422 IX.

3508 357 3620 421 982

343 469 597 524 πλουτεῖν
637 468 846 526 εἴωθεν.
880 470 940 523 Εί
982 470 1111 539 γὰρ,
1158 466 1343 531 καθὼς
1404 468 1667 531 πολλάκις
1728 470 1932 536 ἐδείξα-

2045 473 2315 529 maximc:
2354 483 2483 530 tunc
2510 474 2657 529 enim
2695 477 2817 546 ipsa
2852 476 3123 532 ditescere
3164 475 3324 531 solet.
3356 475 3413 530 Si
3441 475 3614 534 enim.

348 580 469 634 μεν,
502 562 661 616 τοῦτο
694 562 1052 626 πλουτοῦντος
1077 564 1399 633 τεκμήριον,
1448 562 1508 615 τὸ
1561 564 1926 633 καταφρονεῖν

343 657 646 726 χρημάτων
676 656 768 709 καὶ
797 655 1025 726 μηδενὸς
1055 655 1286 717 δεῖσθαι,
1313 653 1539 726 εὔδηλον
1590 655 1673 707 ὅτι
1734 655 1925 718 πενίας

343 748 502 802 τοῦτο
526 746 763 817 μάλιστα
799 749 1049 815 σημεῖον,
1092 746 1153 799 τὸ
1202 746 1501 818 χρημάτων
1535 746 1786 814 ἐφίεσθαι
1818 761 1833 777 ο
1867 747 1928 800 τὸ

346 838 455 908 γὰρ
486 842 546 893 ἐν
579 842 744 911 πενίᾳ
771 834 914 891 εἶναι
947 837 1150 907 μᾶλλον
1183 840 1333 891 ποιεῖ
1364 838 1613 890 πλουτεῖν
1636 851 1652 867 ⁸
1686 839 1775 890 καὶ
1819 837 1928 906 γὰρ

345 932 426 984 ὅτι
450 931 820 1001 εὐκολώτερον
850 932 915 985 ἄν
943 948 1027 990 τις
1063 933 1120 983 ἐν
1152 931 1315 1003 πενίᾳ
1361 931 1394 1001 ἦ
1424 933 1482 983 ἐν
1514 929 1730 1001 πλούτῳ
1761 947 1932 983 κατα-

347 1024 635 1094 φρονήσειε
660 1025 983 1093 χρημάτων,
1015 1025 1106 1076 καὶ
1158 1024 1359 1093 μᾶλλον
1384 1022 1597 1091 ἐφίεται
1625 1022 1929 1094 χρημάτων

344 1115 372 1168 ὁ
397 1114 655 1177 πλούσιος
701 1114 733 1185 ἢ
778 1117 805 1168 ὁ
835 1116 1027 1183 πένης,
1068 1116 1234 1169 παντί
1268 1132 1376 1168 που
1422 1114 1584 1186 δῆλον
1611 1130 1626 1146 ⁸
1657 1115 1732 1178 ὡς
1765 1114 1875 1187 γὰρ
1904 1119 1931 1169 ὁ

349 1207 565 1278 μεθύων
600 1207 800 1276 μᾶλλον
833 1206 963 1279 διψᾷ
991 1209 1087 1263 τοῦ
1121 1209 1486 1278 μετασχόντος
1514 1209 1804 1280 αὐτάρκως
1834 1207 1926 1262 τοῦ

347 1298 616 1368 πόματος,
646 1298 819 1364 οὕτως
848 1303 875 1352 ὁ
917 1301 975 1352 ἐν
1024 1299 1243 1370 πλούτῳ
1274 1299 1477 1370 μᾶλλον
1511 1299 1763 1371 ὀρέγεται
1797 1314 1935 1369 χρη-

351 1390 535 1457 μάτων
565 1388 661 1443 τοῦ
693 1393 750 1444 ἐν
780 1391 943 1462 πενίᾳ
973 1390 1128 1455 ὄντος
1157 1409 1172 1423 ·
1223 1392 1347 1445 οὐδέ
1378 1393 1488 1462 γάρ
1524 1393 1673 1445 ἐστιν
1699 1389 1841 1463 αὕτη
1899 1391 1934 1459 ἡ

348 1484 612 1552 ἐπιθυμία
636 1483 885 1554 τοιαύτη,
908 1484 1050 1539 ὥστε
1090 1484 1167 1556 τῷ
1190 1485 1396 1539 πλείονι
1427 1484 1765 1549 σϐέννυσθαι,
1796 1482 1935 1537 ἀλλὰ

347 1576 659 1629 τούναντίον
688 1577 1024 1631 ἀνάπτεσθαι
1062 1577 1274 1647 πέφυκε
1304 1577 1480 1649 τούτῳ
1502 1594 1519 1610 ο
1557 1576 1653 1631 καὶ
1684 1576 1936 1646 καθάπερ

348 1669 409 1720 τὸ
438 1666 550 1737 πῦρ
586 1668 716 1723 ὅταν
769 1669 911 1742 λάϐῃ
966 1670 1192 1724 πλείονα
1231 1671 1464 1741 τροφὴν,
1518 1669 1641 1724 τότε
1701 1670 1939 1740 μάλιστα

348 1762 638 1831 ἀγριοῠται
669 1800 685 1825 ,
726 1761 870 1815 οὕτω
921 1763 1014 1816 καὶ
1060 1764 1094 1832 ἡ
1136 1763 1249 1817 τῶν
1307 1762 1935 1833 χρημάτωνιέπιθυμία,

2033 575 2093 621 ιιι
2150 582 2293 636 saepe
2345 566 2871 636 demonstravimus,
2916 568 3107 624 divitis
3153 577 3237 623 est
3284 566 3618 622 conditionis

2032 668 2438 728 argumentum,
2467 675 2634 728 opum
2670 671 3041 731 contemptus,
3074 669 3131 714 et
3180 658 3385 714 nullius
3411 661 3489 713 rei
3531 660 3618 711 in-

2033 752 2293 821 digentia,
2320 762 2535 807 conatat
2577 752 2818 807 vicissim
2856 753 2965 808 hoc
3010 768 3132 808 esse
3164 752 3503 821 paupertatis
3531 750 3620 804 in-

2033 842 2264 907 dictum,
2292 843 2335 895 si
2356 858 2488 910 opes
2514 843 3003 913 concupiscuntur.
3026 843 3273 911 Namque
3302 841 3357 896 in
3381 855 3621 910 paupere

2036 935 2144 988 vita
2203 935 2433 997 versari,
2462 935 2632 1004 magis
2662 935 2790 990 facit
2813 935 3105 991 ditescere.
3125 934 3381 989 Profecto
3404 932 3622 987 facilius

2034 1043 2265 1099 pauper,
2321 1044 2484 1097 quam
2543 1029 2728 1092 dives,
2766 1045 2900 1098 opes
2942 1034 3260 1083 contemnet
3296 1027 3621 1096 :magisque

2034 1130 2188 1192 optat
2234 1121 2523 1192 pecuniam
2574 1123 2728 1177 dives
2782 1137 2947 1193 quam
2996 1134 3227 1191 pauper,
3270 1129 3327 1175 ut
3360 1118 3622 1172 omnibus

2033 1211 2378 1281 exploratum
2404 1219 2507 1265 est.
2544 1210 2698 1266 Sicut
2727 1213 2877 1267 enim
2900 1210 3089 1266 ebrius
3112 1210 3282 1279 magis
3313 1208 3428 1267 sitit
3452 1223 3616 1276 quam

2036 1303 2131 1374 qui
2164 1303 2444 1358 moderate
2474 1303 2712 1369 biberit;
2750 1303 2829 1359 sic
2863 1305 3029 1359 etiam
3056 1303 3209 1358 dives
3236 1298 3623 1357 vehementius

2037 1396 2327 1468 pecuniam
2355 1405 2510 1467 optat
2535 1412 2699 1467 quatn
2737 1411 2967 1466 pauper.
3001 1396 3251 1465 Namque
3288 1393 3431 1448 haud
3467 1395 3622 1463 ejus-

2038 1489 2187 1544 modi
2211 1500 2295 1544 εει
2331 1489 2448 1544 haec
2470 1488 2770 1558 cupiditas,
2823 1498 2881 1543 ut
2912 1488 3069 1556 copia
3121 1486 3295 1555 possit
3321 1484 3622 1555 exstingui,

2042 1583 2139 1640 sed
2199 1582 2268 1638 ab
2323 1584 2425 1639 hac
2460 1585 2644 1653 potius
2670 1582 2854 1653 augeri
2886 1581 3047 1635 solet.
3079 1581 3261 1650 Atque
3310 1589 3370 1633 ut
3405 1576 3623 1632 flamma

2041 1691 2167 1732 cum
2199 1677 2461 1747 majorem
2493 1690 2672 1729 escam
2723 1683 2883 1729 nacta
2934 1673 3141 1737 fuerit,
3176 1683 3307 1727 tunc
3341 1670 3627 1741 potissime

2042 1770 2229 1835 saevit,
2258 1768 2340 1824 sic
2365 1768 2612 1839 pecuniae
2652 1769 2943 1837 cupiditas,
2986 1782 3098 1837 quo
3127 1766 3250 1836 plus
3274 1764 3394 1820 auri
3440 1764 3626 1837 inges-

349 1854 480 1905 ὅταν
541 1853 704 1908 πλέον
769 1853 1016 1926 ἐμϐάλλῃ
1075 1856 1327 1926 χρυσίον,
1382 1855 1502 1909 τότε
1566 1856 1813 1926 μάλιστα,
1857 1855 1940 1908 αῖ-

2045 1861 2203 1926 seris,
2239 1870 2370 1916 tunc
2394 1861 2629 1915 maxime
2659 1860 2966 1915 extollitur.

348 1961 522 2014 ρεται.

418 2035 485 2092 θ’.
519 2038 683 2093 ’Ὀθεν
709 2038 829 2092 οὐδὲ
850 2040 1073 2111 ἥδονται
1101 2042 1149 2095 oi
1179 2042 1481 2112 χρημάτων
1514 2044 1747 2113 ἐρῶντες
1796 2044 1938 2116 ὑπὲρ

346 2122 422 2182 ὧν
448 2129 683 2199 ἔχουσιν,
713 2130 810 2184 ἃτε
841 2133 1133 2203 κεχηνότες
1186 2134 1282 2205 ὅλῃ
1309 2138 1377 2206 τῇ
1431 2135 1642 2207 διανοίᾳ
1688 2137 1821 2207 πρὸς
1870 2139 1940 2190 τά

350 2222 519 2292 μήπω
546 2223 822 2293 ληφθέντα
854 2240 869 2256 θ
905 2225 1002 2278 καὶ
1038 2226 1114 2297 μὴ
1174 2226 1335 2296 μόνον
1367 2228 1467 2298 οὐχ
1501 2229 1742 2299 ἥδονται,
1804 2229 1940 2283 ἀλλά

346 2318 444 2369 καὶ
476 2316 880 2385 βασανίζονται.
916 2319 1027 2388 ὅσῳ
1049 2320 1116 2372 ἂν
1157 2319 1614 2388 περιϐάλλωνται,
1645 2321 1723 2389 τῷ
1773 2321 1942 2391 μηδὲν

346 2408 549 2462 εἰδέναι
584 2410 759 2479 πέρας
788 2411 885 2481 τῆς
913 2408 1174 2482 τοιαύτης
1221 2412 1544 2483 ἐπιθυμίας.
1579 2412 1792 2483 Ὥσπερ
1829 2412 1941 2485 άρα

347 2503 446 2558 καὶ
486 2493 522 2556 δ
554 2502 823 2574 διηνεκῶς
873 2503 1063 2575 διψῶν,
1104 2503 1208 2559 κᾶν
1264 2505 1467 2577 μυρίας
1500 2505 1667 2577 ἐκπίῃ
1731 2505 1939 2577 πηγὰς.

348 2594 450 2664 τῆς
478 2593 675 2664 ἡδονῆς
702 2593 938 2657 οὐδὸλως
987 2592 1333 2657 αἰσθάνεται,
1361 2593 1452 2647 διὰ
1496 2594 1559 2647 τδ
1593 2595 1667 2666 μὴ
1729 2593 1942 2664 λαμϐά-

350 2705 465 2740 νειν
485 2688 648 2757 κόρον
679 2704 693 2719 ο
719 2687 817 2742 καὶ
842 2687 1099 2760 καθάπερ
1132 2689 1297 2744 πάλιν
1328 2687 1586 2760 εὐνοῦχος
1641 2688 1943 2758 ἐπιθυμίαν

348 2781 490 2852 ἔχων
512 2781 920 2853 άπαροενεύσαι
944 2784 1147 2849 νεᾶνιν,
1169 2782 1246 2846 ὡς
1283 2782 1418 2853 φησί
1457 2800 1543 2847 τις
1585 2783 1770 2852 σοφὸς,
1806 2783 1935 2838 ὅταν

304 2868 315 2879 ’
349 2876 523 2945 αὐτὴν
554 2874 848 2947 περιλάϐῃ,
872 2875 1255 2943 συμπλέκεται
1292 2875 1396 2943 μὲν
1427 2876 1494 2945 τῇ
1538 2875 1817 2948 ἐρωμένῃ,
1865 2874 1942 2945 μὴ

349 2967 648 3036 δυνάμενος
679 2968 742 3020 δέ.
766 2967 867 3037 τὴν
900 2967 1201 3035 ἐπιθυμίαν
1247 2966 1551 3036 ἐμπλῆσαι,
1578 2966 1680 3037 τὴν
1704 2964 1942 3035 ἐσχάτην

353 3062 590 3128 βάσανον
632 3061 895 3127 ὑπομένει
926 3075 942 3093 ο
977 3059 1125 3112 οὕτω
1158 3059 1254 3114 καὶ
1281 3061 1311 3113 ό
1354 3058 1694 3129 φιλάργυρος
1749 3056 1943 3110 ἐπιθυ-

2110 2043 2165 2098 9.
2198 2042 2565 2110 Quamobrem
2595 2056 2662 2096 ne
2684 2041 3031 2095 delectantur
3047 2039 3269 2110 quidem
3301 2038 3620 2093 divitiarum

2042 2147 2318 2191 amatores
2340 2137 2407 2191 iis
2423 2152 2544 2206 qum
2576 2137 2811 2199 habent,
2834 2132 3278 2206 quandoquidem
3303 2142 3411 2187 tota
3440 2141 3626 2187 mente

2041 2229 2108 2283 ad
2157 2229 2278 2283 illas
2317 2229 2531 2282 inhiant
2562 2244 2698 2298 quas
2736 2228 2984 2283 nondum
3036 2227 3217 2297 adepti
3251 2234 3399 2282 sunt.
3436 2225 3625 2294 Neque

2043 2332 2254 2379 tantum
2310 2341 2421 2380 non
2472 2323 2841 2387 delectantur,
2878 2337 3071 2377 verum
3103 2322 3269 2377 etiam
3305 2320 3629 2375 cruciantur

2042 2431 2153 2487 quo
2182 2416 2355 2487 magis
2385 2416 2685 2482 ditescant,
2719 2415 2846 2485 quia
2880 2414 3090 2469 nullum
3116 2412 3434 2484 cupiditatis
3457 2411 3629 2481 hujus

2045 2508 2340 2565 terminum
2395 2517 2720 2580 agnoscunt.
2781 2506 2938 2563 Sicut
2996 2507 3144 2562 enim
3207 2505 3302 2576 qui
3358 2512 3626 2575 perpetuo

2043 2601 2182 2663 sitit,
2210 2600 2428 2657 etiamsi
2460 2608 2754 2657 sexcentos
2785 2599 3006 2655 hauriat
3040 2599 3243 2666 fontes,
3282 2597 3490 2653 nullam
3525 2610 3628 2650 vo-

2043 2694 2309 2766 luptatem
2342 2693 2507 2764 capit,
2540 2693 2670 2763 quia
2700 2693 2908 2748 nullam
2950 2692 3263 2746 satietatem
3305 2688 3624 2759 experitur;

2044 2802 2239 2843 rursus
2263 2787 2407 2843 sicut
2433 2786 2605 2857 spado
2625 2787 2857 2856 cupiens
2878 2785 3231 2856 juvenculam
3254 2781 3628 2852 devirginare,

2044 2889 2106 2936 ut
2161 2880 2239 2935 ait
2294 2878 2519 2950 quidam
2573 2879 2795 2949 sapiens
2821 2878 2887 2944 ¹⁹,
2944 2892 3070 2932 cum
3119 2892 3240 2932 eam
3272 2874 3629 2946 corripuerit,

2043 2972 2243 3029 nititur
2273 2971 2496 3042 quidem
2534 2972 2588 3025 in
2630 2971 2917 3036 amasiam,
2972 2968 3067 3025 sed
3096 2968 3225 3039 quia
3271 2967 3631 3037 cupiditatem

2044 3064 2265 3133 explere
2296 3063 2507 3133 nequit,
2540 3061 2860 3127 cruciatur;
2896 3061 2971 3115 ita
3006 3075 3203 3115 avarus
3232 3059 3352 3114 auri
3386 3058 3631 3130 argenti—

358 3155 479 3225 μῶν
511 3153 739 3225 χρυσίου
767 3154 862 3206 καὶ
890 3151 1180 3222 ἀργυρίου,
1211 3151 1344 3205 ὅταν
1372 3152 1433 3204 ἐν
1487 3150 1683 3219 κτήσει
1714 3149 1942 3217 γένηται

2047 3171 2156 3226 que
2182 3154 2437 3225 cupidus,
2470 3169 2653 3209 rerum
2688 3154 2911 3224 quidem
2951 3155 3107 3223 copia
3130 3152 3360 3223 potitur,
3382 3152 3480 3206 sed
3499 3150 3628 3221 quia

352 3247 585 3312 τούτων,
614 3246 933 3314 συγγίνεται
961 3245 1062 3315 μὲν
1085 3248 1150 3316 τῇ
1174 3243 1428 3314 εὐπορίᾳ,
1452 3243 1528 3307 ὡς
1550 3240 1757 3311 ταύτην
1782 3239 1942 3310 ἔχων,

353 3339 638 3410 ἐμπλῆσαι
669 3338 727 3392 δέ
759 3339 860 3408 τὴν
910 3336 1212 3407 ἐπιθυμίαν
1248 3337 1470 3389 ἃπασαν
1504 3333 1565 3388 οὐ
1619 3333 1944 3402 δυνάμενος,

351 3431 443 3491 ἀεί
471 3434 620 3486 ἐστιν
648 3433 708 3485 ἐν
737 3430 902 3502 ὀδύνῃ
937 3445 951 3459 ο
987 3428 1245 3482 πλουτεῖν
1272 3427 1380 3498 γὰρ
1402 3425 1565 3479 πλέον
1595 3423 1945 3495 βουλόμενος,

352 3526 454 3580 καὶ
489 3520 884 3592 περιϐαλέσθαι
907 3519 1118 3583 πλεῖον,
1148 3518 1385 3572 ἀνάπτει
1436 3515 1663 3585 μᾶλλον,
1703 3513 1801 3567 καὶ
1857 3513 1948 3566 οὐ·

350 3616 546 3670 δέποτε
582 3612 820 3678 ῖσταται,
852 3609 993 3664 ἀλλὰ
1015 3608 1121 3663 κᾶν
1175 3608 1347 3680 μυρία
1374 3606 1518 3678 λάϐῃ
1541 3605 1797 3671 τάλαντα,
1826 3603 1947 3657 ἐτέ-

357 3725 471 3780 ρων
501 3705 778 3760 τοσούτων
823 3702 1085 3772 ἐπιθυμεῖ
1117 3717 1133 3733 ο
1167 3700 1273 3755 κᾶν
1303 3699 1513 3754 τούτων
1550 3695 1809 3769 ἐπιτύχῃ,
1864 3694 1947 3757 δὶς

355 3802 627 3860 τοσούτων
657 3800 873 3870 ἐφίεται
908 3815 921 3830 ·
950 3797 1046 3852 καὶ
1073 3793 1279 3867 προῖὼν
1309 3792 1406 3847 καὶ
1438 3792 1509 3846 τά
1528 3789 1654 3860 ὅρη,
1692 3787 1790 3842 καὶ
1843 3786 1947 3856 τὴν

356 3902 484 3969 γῆν,
518 3896 616 3951 καὶ
656 3894 758 3964 τὴν
823 3892 1120 3955 θάλατταν,
1154 3887 1251 3940 καὶ
1291 3885 1471 3940 πάντα
1530 3880 1749 3952 εὔχεται
1796 3878 1947 3949 αὐτῷ

354 3986 618 4058 γενέσθαι
641 3983 890 4056 χρυσίον,
920 3981 1117 4051 καινήν
1141 3995 1267 4033 τινα
1296 3975 1495 4047 μανίαν
1545 3974 1643 4028 καὶ
1683 3971 1944 4043 φοϐερὰν,

356 4081 453 4135 καὶ
484 4077 743 4133 οὐδέποτε
763 4074 1076 4144 δυναμένην
1131 4068 1429 4138 σϐεσθῆναι
1500 4063 1851 4136 μαινόμενος.
1885 4063 1948 4116 Et

355 4167 540 4221 τοίνυν
581 4167 644 4218 τὸ
688 4165 873 4217 πλεῖον
916 4160 1177 4231 ἐφίεσθαι
1215 4158 1408 4220 πενίας
1448 4156 1786 4225 τεκμήριον,
1817 4155 1847 4207 ὁ
1891 4152 1949 4207 δὲ

352 4264 416 4317 ¹ἐν
450 4261 669 4333 πλούτῳ
693 4258 962 4325 τοιοῦτος,
1005 4248 1164 4319 οὗτος
1196 4252 1438 4326 μάλιστά
1468 4253 1617 4307 ἐστιν
1650 4253 1711 4305 ἐν
1734 4251 1945 4329 πενίᾳ.

368 4357 533 4428 Ὁρᾷς
560 4357 644 4411 ὅτι
675 4355 800 4409 τότε
831 4351 1076 4424 μάλιστα
1114 4351 1340 4404 πένεται
1369 4350 1403 4418 ἡ
1432 4348 1605 4418 ψυχὴ,
1627 4346 1757 4401 ὅταν
1784 4345 1949 4396 πλου-

356 4452 422 4520 τῇ
459 4467 474 4482 ο
511 4449 609 4502 καὶ
637 4447 761 4501 τότε
789 4445 1035 4509 πλουτεῖ,
1062 4444 1194 4497 ὅταν
1215 4444 1275 4495 ἐν
1303 4442 1470 4510 πενίᾳ
1576 4457 1592 4506 ;

2051 3257 2233 3302 tamen
2270 3246 2630 3316 cupiditatem
2658 3255 2824 3301 totam
2863 3247 3084 3315 explere
3114 3246 3331 3315 nequit,
3361 3252 3628 3314 perpetuo

2049 3339 2298 3391 cruciatu
2353 3346 2600 3407 urgetur.
2639 3336 2808 3407 Magis
2848 3340 2993 3390 enim
3026 3337 3298 3392 ditescere
3331 3338 3542 3399 volens,
3577 3345 3632 3390 et

2049 3429 2303 3499 pluribus
2359 3428 2691 3491 redundare,
2755 3430 3208 3499 incenditpotius
3260 3444 3424 3500 quam
3477 3429 3634 3483 sedat

2049 3521 2444 3593 cupiditatem:
2470 3521 2564 3577 sed
2588 3522 2692 3576 etsi
2724 3520 2916 3577 decem
2947 3520 3116 3576 millia
3149 3522 3349 3576 talenta
3392 3522 3626 3589 ceperit,

2050 3611 2280 3668 totidem
2341 3612 2443 3667 alia
2490 3612 2700 3682 expetit
2740 3629 2754 3666 :
2792 3628 2916 3683 quae
2963 3613 3008 3667 si
3060 3621 3395 3668 consecutus
3444 3612 3633 3674 fuerit,

2050 3704 2278 3760 totidem
2318 3716 2539 3776 exoptat
2575 3724 2590 3763 :
2626 3721 2994 3777 pergensque
3032 3723 3219 3777 porro,
3255 3710 3469 3764 montes
3495 3723 3632 3778 quo-

2047 3810 2179 3867 que,
2201 3806 2258 3853 et
2292 3805 2490 3852 terram
2518 3814 2583 3854 ac
2609 3814 2780 3864 mare,
2813 3799 2996 3855 omnia
3031 3792 3271 3870 denique
3301 3814 3497 3855 aurum
3524 3800 3629 3854 sibi

2050 3887 2169 3944 lleri
2197 3890 2466 3960 p08tulat,
2506 3907 2641 3946 nova
2676 3890 2912 3961 quadam
2954 3890 3209 3958 insania,
3262 3900 3319 3946 et
3346 3906 3628 3960 nunquam

2048 3981 2448 4052 exstinguenda
2483 3983 2785 4038 insaniens.
2839 3981 2895 4039 Si
2938 3998 3072 4054 ergo
3099 3985 3256 4053 plura
3288 3982 3631 4047 desiderare,

2049 4075 2390 4144 paupertatis
2413 4082 2501 4129 est
2538 4075 2802 4130 indicium
2828 4114 2845 4139 ,
2875 4074 3188 4146 huiusmodi
3224 4083 3404 4129 autem
3430 4083 3514 4129 est
3537 4075 3632 4143 qui

2052 4165 2106 4220 in
2139 4163 2348 4219 divitiis
2377 4174 2668 4233 versatur,
2718 4168 2971 4236 sequitur
3023 4175 3084 4221 ut
3135 4165 3226 4221 hic
3260 4180 3369 4236 prae
3416 4168 3634 4219 czeteris

2050 4272 2260 4327 pauper
2307 4257 2402 4312 sit.
2437 4257 2628 4312 Vidcn’
2679 4257 2843 4327 igitur
2892 4265 3023 4314 tunc
3055 4257 3340 4327 potissime
3387 4257 3626 4311 animam

2049 4361 2172 4402 esse
2195 4362 2654 4418 paupereni,eurn
2684 4358 2764 4402 est
2785 4348 2941 4402 dives
2960 4389 2974 4413 ,
2998 4353 3053 4401 et
3085 4355 3218 4402 tunc
3231 4362 3353 4402 esse
3379 4346 3630 4412 divitem,

2052 4455 2176 4496 cum
2219 4441 2272 4495 iu
2316 4450 2639 4511 paupertate
2672 4442 2800 4497 est?

432 4547 482 4594 ι’.
523 4541 587 4593 Ei
610 4540 666 4593 δέ
734 4524 939 4610 βούλει,
979 4536 1076 4591 καὶ
1133 4535 1229 4588 ἐπὶ
1273 4532 1586 4604 προσώπων
1638 4531 1731 4584 τὸν
1789 4528 1942 4596 λόγον

2128 4534 2215 4588 10.
2247 4532 2401 4599 Quod
2443 4534 2486 4588 si
2519 4538 2714 4602 mavis,
2761 4545 2822 4590 ut
2856 4535 3017 4591 etiam
3050 4536 3105 4589 in
3133 4535 3385 4605 personis
3413 4549 3632 4589 sermo-

355 4633 736 4705 γυμνάσωμεν
769 4646 785 4661 ·
820 4632 916 4685 καὶ
945 4629 1196 4684 εστωσαν
1231 4626 1326 4682 δύο
1382 4626 1550 4692 τινὲς,
1589 4624 1619 4676 ὁ
1672 4622 1774 4694 μὲν
1810 4622 1950 4691 ἔχων

362 4726 537 4798 μύρια
571 4725 834 4791 τάλαντα,
857 4726 886 4778 ὁ
907 4724 966 4777 δέ
1020 4722 1153 4777 δέκα
1188 4735 1202 4750 ⁸
1233 4720 1329 4773 καὶ
1372 4717 1717 4789 ἀμφοτέρους
1777 4714 1951 4769 ταῦτα

357 4819 771 4892 ἀφαιρούμεθα.
808 4818 907 4881 Τίς
939 4811 1035 4871 οὖν
1071 4813 1276 4886 μᾶλλον
1303 4811 1537 4881 ἀλγήσει
1573 4828 1589 4877 ;
1638 4809 1697 4862 '0
1721 4809 1790 4863 τά
1844 4808 1947 4878 μύ-

362 4932 457 4989 ρια
483 4913 774 4975 ἀπολέσας.
802 4910 916 4964 Οὐκ
938 4909 1005 4963 ἂν
1033 4907 1090 4962 δέ
1119 4907 1320 4978 μᾶλλον
1346 4904 1603 4976 ἤλγησεν,
1626 4904 1675 4955 εί
1712 4900 1787 4973 μὴ
1815 4901 1952 4971 μᾶλ-

359 5007 455 5062 λον
482 5005 656 5075 ἐφίλει
675 5020 692 5039 ο
724 5006 775 5058 εἰ
800 5003 857 5058 δέ
895 5002 1100 5073 μᾶλλον
1135 5000 1304 5071 φιλεῖ,
1332 4998 1538 5069 μᾶλλον
1574 4994 1875 5066 ἐπιθυμεῖ·
1903 4994 1951 5046 εί

360 5101 417 5156 δὲ
442 5100 644 5170 μᾶλλον
670 5097 833 5152 ἐπιθυ
842 5099 954 5168 per,
992 5094 1192 5167 μᾶλλόν
1240 5096 1389 5149 ἐστιν
1419 5092 1478 5145 ἐν
1504 5089 1669 5161 πενία
1692 5104 1709 5121 ο
1754 5087 1951 5143 τούτου

360 5193 472 5262 γάρ
500 5191 734 5262 μάλιστα
759 5189 1158 5260 ἐπιθυμοῦμεν,
1183 5182 1245 5243 οὐ
1289 5184 1527 5257 μάλιστά
1548 5185 1719 5253 ἐσμεν
1764 5182 1823 5235 ἐν
1869 5183 1954 5236 ἐν·

363 5287 486 5358 δείᾳ
515 5302 532 5319 '
566 5285 677 5341 άπὸ
706 5285 816 5354 γὰρ
843 5285 1051 5347 ἐνδείας
1085 5285 1119 5354 ἡ
1141 5280 1408 5350 ἐπιθυμία
1440 5292 1456 5310 ⁸
1483 5278 1612 5332 ἔνθα
1665 5276 1778 5348 γὰρ
1803 5275 1872 5331 ἂν

364 5379 548 5448 κόρος,
576 5377 877 5447 ἐπιθυμίαν
902 5377 1005 5429 οὐκ
1026 5374 1174 5429 ἐστιν
1204 5369 1345 5427 εἶναι
1375 5386 1391 5402 ο
1424 5367 1650 5439 καὶγὰρ
1682 5366 1804 5421 τότε
1848 5365 1954 5436 μά-

365 5472 526 5524 λιστα
545 5469 812 5540 διψῶμεν,
848 5470 978 5523 ὅταν
1016 5465 1209 5529 ἐνδεῶς
1263 5464 1476 5535 ἐχωμεν
1512 5460 1699 5515 ποτοῦ.
1746 5457 1955 5513 Λοιπὸν

366 5558 463 5616 οὖν
494 5560 756 5631 etiamet!
816 5562 1029 5625 πενίαν,
1093 5557 1233 5614 ἀλλὰ
1276 5557 1405 5626 παρ’
1468 5556 1615 5625 ἡμᾶς
1670 5552 1870 5614 αὐτοὺς
1916 5551 1950 5621 ἡ

369 5654 545 5725 βλάϐη
576 5653 784 5722 γίνεται
809 5669 822 5683 ⁸
847 5653 1024 5716 οὐδεὶς
1048 5652 1156 5723 γὰρ
1193 5651 1342 5721 ἡμᾶς
1370 5650 1711 5719 λυμανεῖται,
1742 5644 1836 5700 ἐὰν
1862 5644 1952 5713 νή-

445 5834 490 5866 ¹⁹
542 5834 711 5890 Eccli.
741 5850 841 5888 xxx
863 5875 876 5897 ,
910 5834 999 5888 2i.

2052 4640 2177 4681 nem
2232 4637 2479 4682 nostrum
2513 4643 2910 4691 exerceamus,
2962 4627 3075 4682 sint
3121 4627 3313 4696 utique
3370 4626 3480 4681 duo
3511 4627 3637 4695 qui-

2053 4719 2204 4785 dam,
2222 4719 2363 4776 alius
2385 4719 2575 4776 decem
2608 4721 2755 4776 mille
2776 4721 2975 4776 talenta
3000 4721 3231 4783 habens,
3248 4720 3389 4775 alius
3406 4720 3594 4775 decem
3620 4739 3633 4774 :

2053 4825 2219 4879 porro
2263 4818 2558 4881 utrumque
2591 4810 2708 4866 suis
2756 4810 3078 4881 spoliemus.
3117 4809 3250 4877 Quis
3287 4810 3506 4880 gravius
3539 4808 3639 4863 do-

2051 4901 2231 4957 lebit?
2279 4901 2423 4958 Sane
2457 4904 2552 4971 qui
2584 4903 2772 4959 decem
2833 4903 2982 4957 mille
3037 4902 3239 4958 amisit.
3284 4901 3404 4957 Non
3451 4911 3634 4957 autem

2053 4993 2228 5064 magis
2265 4994 2500 5060 doleret,
2555 4995 2658 5050 nisi
2722 5002 2844 5064 plus
2903 4994 3327 5064 amaret:quod
3362 4994 3405 5049 si
3462 4994 3635 5063 magis

2053 5095 2222 5153 amat,
2272 5087 2447 5158 magis
2477 5087 2673 5158 cupit:
2710 5089 2753 5143 si
2811 5089 2982 5158 magis
3021 5088 3191 5157 cupit,
3237 5087 3442 5157 majore
3490 5102 3632 5156 pau-

2055 5186 2267 5250 pertate
2293 5189 2562 5249 urgetur:
2597 5195 2720 5234 nam
2761 5180 2866 5234 hoc
2898 5180 3142 5248 pascipue
3166 5186 3443 5247 optamus,
3474 5178 3633 5246 cujus
3714 5245 3717 5248 γ

2053 5275 2329 5345 praecipue
2352 5274 2663 5343 indigemus
2701 5290 2716 5326 :
2773 5287 3011 5342 namque
3038 5287 3104 5326 ea
3137 5278 3377 5341 egestate
3416 5269 3634 5338 cupidi-

2058 5374 2177 5422 tas:
2211 5365 2307 5421 ubi
2355 5367 2505 5420 enim
2541 5364 2785 5428 satietas,
2825 5380 2933 5418 non
2968 5374 3053 5419 est
3084 5377 3313 5418 cernere
3361 5361 3636 5432 cupidita-

2057 5468 2187 5514 tem.
2228 5456 2365 5512 Nam
2417 5466 2548 5511 tunc
2593 5456 2975 5512 vehementius
3024 5455 3261 5521 sitimus,
3317 5468 3441 5510 cum
3504 5462 3633 5523 potu

2056 5564 2329 5604 caremus.
2360 5546 2627 5617 Superest
2681 5546 2867 5616 igitur,
2907 5560 3013 5599 non
3055 5560 3084 5598 a
3121 5551 3444 5615 paupertate.
3473 5542 3568 5598 sed
3601 5558 3633 5596 a

2056 5642 2218 5698 nobis
2274 5639 2406 5711 ipsis
2462 5626 2718 5693 damnum
2776 5636 2878 5691 hoc
2932 5636 3244 5705 provenire.
3280 5634 3454 5691 Nemo
3482 5631 3632 5688 enim
