4074 6512
483 356 587 420 983

460 580 561 621 oro
583 581 902 637 quaesoque,
933 582 1003 622 ne
1055 568 1217 624 talem
1247 570 1520 638 patiamur
1552 573 1841 641 insaniam,
1893 577 2038 632 salu-

461 665 572 711 tem
618 666 864 713 nostram
901 668 1127 728 propter
1170 661 1447 716 modicum
1509 675 1798 735 argentum
1852 670 2037 739 prodi-

457 749 822 817 gentesued
874 749 1183 807 futurarum
1251 769 1438 809 rerum
1500 771 1653 825 spem
1715 758 2037 816 foveamus:

458 853 620 894 senes
660 839 883 908 quidem
913 880 930 907 ,
963 850 1154 910 utpote
1204 845 1491 900 manifeste
1536 857 1823 904 cernentes
1872 851 2040 907 breve

459 927 618 983 nobis
645 944 934 998 superesse
966 931 1094 984 vitae
1139 940 1391 1002 tempus;
1436 935 1669 1005 juvenes
1693 946 1900 1005 autem,
1940 956 2040 995 ceu

461 1029 610 1075 certo
645 1022 903 1086 scientes,
937 1022 1084 1078 haud
1117 1026 1349 1081 multum
1379 1027 1540 1083 nobis
1565 1030 1839 1100 reliquum
1869 1047 1991 1088 esse
2021 1051 2037 1087 :

460 1126 697 1180 namque
727 1121 786 1166 ut
829 1113 916 1167 fur
949 1115 1004 1170 in
1052 1125 1234 1181 nocte,
1274 1118 1346 1172 ita
1389 1118 1508 1175 dies
1552 1121 1641 1176 illa
1677 1127 1846 1178 venit.
1877 1123 2039 1180 Omni

458 1204 627 1274 igitur
679 1206 865 1261 studio
926 1208 1166 1264 vitemus
1206 1210 1421 1280 cupidae
1474 1214 1721 1269 avaritiae
1761 1216 2040 1270 morbum.

458 1295 779 1366 Quanquam
809 1298 954 1355 enim
996 1314 1136 1356 saeva
1172 1312 1255 1357 est
1282 1303 1395 1358 haec
1429 1304 1611 1360 bellua
1636 1347 1650 1370 ,
1685 1316 1747 1361 ut
1779 1306 2041 1376 diximus,

460 1388 846 1454 nihilominus,
880 1392 925 1446 si
959 1401 1108 1449 certe
1136 1395 1390 1459 velimus,
1426 1396 1583 1453 facile
1608 1414 1727 1454 eam
1755 1402 2043 1470 superabi-

459 1495 603 1534 mus.
622 1481 743 1537 Non
767 1483 914 1538 enim
939 1484 1125 1539 innata
1148 1494 1234 1539 est
1250 1502 1311 1542 ac
1332 1489 1596 1543 naturalis
1614 1490 1712 1545 ista
1733 1492 2003 1561 cupiditas
2026 1510 2042 1561 ;

459 1564 707 1642 alioquin
753 1574 867 1643 jam
920 1576 1048 1630 inde
1091 1592 1122 1632 a
1170 1594 1354 1633 rerum
1410 1580 1570 1636 initio
1627 1583 1791 1637 insita
1824 1582 2041 1641 fuisset.

460 1661 625 1731 Atqui
685 1665 994 1735 antiquitus
1056 1682 1235 1737 neque
1269 1683 1465 1723 aurum
1512 1682 1654 1737 erat,
1697 1688 1875 1743 neque
1922 1676 2043 1730 auri

462 1754 607 1810 ullus
633 1766 867 1812 amator.

1615 368 2018 432 TllEODORl
2066 375 2622 443 MELITENIOTXE

462 471 623 527 nobis
651 470 893 535 nocebit.
920 471 964 528 si
1000 472 1185 530 sobria
1214 482 1399 533 mente
1431 477 2039 554 (ueritatis-Propterea

2158 505 2362 556 φωμεν.
2401 495 2493 547 Διὸ
2528 497 2858 567 παρακαλῶ,
2916 502 2991 574 μὴ
3053 506 3320 575 τςσαύτην
3368 510 3442 562 ύπ

3626 398 3725 461 {lC-1i

3450 527 3469 562 ι
3477 511 3727 583 μένωμεν

2144 581 2354 648 ἄνοιαν,
2382 586 2725 654 προδιδόντες
2755 592 2852 655 τὴν
2879 597 3155 665 σωτηρίαν
3186 601 3346 669 ἡμῶν
3388 603 3477 656 διὰ
3536 581 3730 675 μικρθιν

2145 674 2470 764 ἀργυρίδιον
2507 695 2519 709 ·
2555 680 2670 733 ἀλλ’
2704 684 3059 755 ἀντεχόμενοι
3101 690 3198 757 τῆς
3231 692 3532 764 μελλούσης
3583 674 3731 748 ἐλπί-

2142 762 2251 855 δος,
2290 767 2468 836 οἱμὲν
2515 775 2915 843 γεγηρακότες,
2955 778 3049 830 ἅτε
3098 780 3300 845 εἰδότες
3346 762 3598 855 φανερῶς
3647 789 3728 840 ὅτι

2143 854 2327 922 ὀλίγος
2373 861 2508 930 ἡμῖν
2553 862 2909 919 ὑπολείπεται
2950 870 3049 938 τῆς
3104 872 3248 939 ζωῆς
3300 854 3521 945 χρόνος*
3568 879 3618 930 oi
3672 879 3728 930 at

2145 947 2277 1012 νέοι,
2309 947 2405 1003 ἆτε
2442 956 2802 1024 πεπεισμένοι
2839 960 3030 1027 σαφῶς
3065 962 3146 1014 ὅτι
3174 965 3237 1017 οὐ
3273 966 3406 1018 πολὺ
3436 968 3495 1021 τὸ
3551 969 3732 1022 λειπό-

2148 1053 2310 1105 μενον
2335 1060 2350 1074 ο
2378 1041 2453 1105 ὡς
2477 1045 2585 1116 γὰρ
2621 1048 2865 1119 κλέπτης
2910 1051 2967 1102 ἒν
2997 1058 3176 1120 νυκτὶ,
3236 1056 3410 1121 οὕτως
3466 1061 3498 1127 ἡ
3551 1061 3731 1130 ἡμέρα

2145 1130 2325 1201 ἐκείνη
2357 1133 2600 1204 ἔρχεται.
2656 1141 2952 1214 Φεύγωμεν
2977 1149 3128 1220 πάσῃ
3175 1150 3380 1220 σπουδῇ
3413 1154 3510 1220 τῆς
3540 1153 3735 1221 φιλαρ-

2146 1223 2347 1315 γνρίας
2380 1227 2483 1294 τὴν
2527 1231 2680 1285 νόσον
2704 1250 2718 1266 ·
2746 1237 2795 1290 εί
2825 1237 2935 1309 γὰρ
2995 1242 3086 1294 καὶ
3120 1242 3293 1296 δεινὸν
3319 1243 3468 1295 τουτὶ
3522 1244 3582 1297 τὸ
3632 1245 3731 1315 θη-

2148 1311 2282 1380 ρίον,
2312 1315 2388 1378 ὡς
2415 1319 2665 1390 εἴπομεν,
2698 1325 2814 1378 ἀλλ’
2865 1328 3017 1398 ὅμως
3062 1331 3158 1384 ἐὰν
3209 1331 3473 1401 Θέλωμεν,
3533 1311 3734 1404 ρᾳδῖως

2147 1408 2521 1477 περιεσόμεθα
2553 1428 2569 1444 ο
2606 1415 2667 1467 οὐ
2702 1416 2810 1486 γάρ
2839 1418 2987 1472 ἐστιν
3020 1422 3051 1490 ἡ
3087 1420 3356 1493 ἐπιθυμία
3388 1423 3529 1493 αὕτη
3554 1423 3733 1492 ἐμφυ-

2145 1512 2237 1558 τος
2267 1498 2364 1552 καὶ
2390 1504 2598 1574 φυσική
2633 1520 2646 1534 ·
2681 1507 2712 1576 ἢ
2741 1508 2847 1579 γὰρ
2884 1510 2949 1563 ἂν
2978 1513 3135 1583 παρά
3166 1514 3263 1583 τὴν
3294 1514 3468 1586 ἀρχὴν
3488 1514 3728 1584 ὲνετέθη.

2146 1588 2264 1643 Νῦν
2285 1590 2342 1644 δὲ
2368 1597 2592 1664 χρυσίον
2615 1598 2716 1653 οὐκ
2746 1595 2812 1670 ἦν
2843 1602 3074 1672 ἀνωθεν,
3095 1606 3215 1661 οὐδὲ
3242 1607 3353 1679 ἦρα
3379 1624 3461 1671 τις
3484 1608 3731 1679 χρυσίου.

535 1849 622 1903 Η.
651 1848 769 1904 Jam
792 1891 807 1916 ,
863 1852 907 1907 si
977 1853 1178 1919 vultis,
1207 1855 1351 1909 unde
1390 1856 1497 1912 hoc
1530 1858 1732 1913 malum
1772 1863 2043 1931 eruperit,

2223 1862 2311 1912 ια’.
2362 1857 2504 1911 Ἀλλ’
2558 1861 2607 1914 εί
2659 1860 2939 1929 βούλεσθε,
3002 1864 3144 1935 λέγω
3175 1866 3339 1921 πόθεν
3395 1869 3607 1940 εἰσῆλθε
3672 1872 3737 1927 τὸ

460 1940 660 1996 dieam.
700 1943 839 1998 Dum
879 1960 1249 2010 praecessores
1297 1963 1429 2006 suos
1464 1951 1698 2021 quisque
1728 1954 2042 2019 aemulatur,

462 2035 714 2090 morbum
756 2048 1019 2108 aggravat
1047 2057 1061 2108 ;
1093 2048 1148 2096 et
1190 2042 1530 2112 cupientem,
1561 2044 1608 2101 is
1637 2047 1732 2117 qui
1768 2048 2045 2104 antecedit

460 2125 677 2182 incitat.
710 2128 844 2184 Nam
887 2145 1012 2186 cum
1048 2132 1236 2188 vident
1262 2133 1458 2191 domos
1482 2136 1817 2206 splendidas,
1857 2136 2046 2193 latitu-

460 2221 649 2275 dinem
667 2236 947 2293 agrorum,
981 2240 1266 2280 servorum
1291 2243 1506 2299 greges,
1527 2237 1583 2284 et
1608 2237 1867 2301 argentea
1895 2245 2044 2293 vasa,

462 2322 518 2365 et
568 2313 793 2367 multam
851 2317 1307 2373 vestimentorum
1353 2322 1690 2391 congeriem,
1749 2321 1891 2376 nihil
1936 2338 2045 2376 non

462 2410 633 2469 agunt
675 2412 736 2456 ut
765 2403 904 2458 alios
939 2417 1205 2475 superent
1237 2425 1251 2461 :
1292 2417 1458 2479 atque
1485 2411 1558 2465 ita
1581 2412 1796 2480 priores
1824 2426 2044 2467 causam

469 2494 715 2558 praebent
752 2498 1035 2564 secundis,
1070 2499 1124 2553 hi
1160 2509 1343 2555 autem
1400 2503 1658 2571 posteris.
1693 2503 1847 2569 Quod
1882 2504 1926 2558 si
1957 2519 2044 2559 so-

464 2586 755 2640 brietatem
814 2589 1055 2644 retinere
1091 2591 1319 2654 vellent,
1368 2593 1492 2647 aliis
1533 2594 1779 2664 magistri
1817 2611 1927 2651 non
1970 2596 2049 2650 fo'

465 2686 605 2732 rent.
663 2679 853 2750 Neque
913 2682 1117 2737 idcirco
1168 2684 1219 2736 hi
1287 2685 1623 2753 posteriores
1678 2695 2047 2751 excusantur;

464 2781 595 2825 sunt
623 2773 770 2826 enim
825 2772 918 2828 alii
959 2775 1051 2843 qui
1093 2791 1225 2845 opes
1259 2787 1653 2844 contemnunt;
1685 2780 1831 2848 quod
1868 2780 2046 2849 ipsum

463 2879 797 2935 magnopere
825 2865 1208 2932 demonstrat,
1241 2882 1350 2922 non
1384 2884 1504 2924 esse
1559 2871 1885 2926 naturaliter
1919 2872 2051 2927 insi-

466 2967 582 3010 tum
609 2959 858 3014 avaritia:
881 2960 1156 3027 morbum,
1185 2976 1307 3030 quae
1330 2977 1417 3016 res
1445 2977 1510 3016 ex
1531 2956 1639 3018 illis
1670 2963 1920 3033 patescit,
1951 2965 2047 3036 qui

465 3053 628 3107 alieni
689 3053 759 3109 ab
818 3068 884 3108 eo
938 3061 1084 3108 sunt.
1138 3052 1418 3124 Siquidem
1466 3056 1706 3126 physicae
1757 3059 2049 3128 qualitates

2147 1949 2317 2003 κακόν
2348 1967 2361 1983 ’
2393 1951 2622 2016 ἕκαστος
2671 1955 2766 2007 τὸν
2816 1959 2922 2027 πρὸ
2953 1957 3118 2011 αὐτοῦ
3175 1958 3481 2029 ζηλοῦντες,
3522 1962 3736 2016 ἐπέτει-

2149 2058 2238 2093 νον
2283 2041 2345 2093 th
2375 2043 2613 2113 νόσημα,
2678 2046 2774 2099 καὶ
2817 2049 2913 2101 τὺν
2980 2049 3310 2119 βουλόμενον
3361 2054 3390 2106 ό
3445 2053 3736 2123 προλαὸὼν

2150 2129 2408 2198 ὲρεθίζει.
2456 2132 2629 2186 Ὅταν
2677 2137 2785 2206 γὰρ
2841 2136 3027 2191 ἴδωσιν
3071 2139 3248 2203 οἰκίας
3299 2140 3579 2211 λαμπρὰς,
3642 2144 3734 2195 καὶ

2150 2220 2357 2290 πλῆθος
2374 2224 2586 2294 ἀγρῶν,
2614 2229 2710 2278 καὶ
2740 2228 3093 2297 ἀνδραπόδων
3121 2232 3342 2301 ἀγέλας,
3377 2236 3471 2286 καὶ
3514 2234 3737 2303 ἀργυρᾶ

2152 2312 2344 2381 σκεύη,
2383 2315 2479 2365 καὶ
2508 2315 2679 2371 πολὺν
2730 2318 2964 2387 ἱματίων
3017 2322 3270 2391 φορυτὺν,
3333 2325 3507 2378 πάντα
3558 2328 3737 2394 πρόιτε

2151 2420 2355 2469 τουσιν,
2386 2404 2530 2459 ὥστε
2562 2408 2971 2477 ὑπερϐαλέσθαι
3005 2426 3020 2442 ⁸
3076 2411 3217 2465 ὥστε
3263 2414 3314 2466 οἱ
3370 2415 3574 2485 πρῶτοι
3624 2415 3737 2469 τῶν

2151 2493 2423 2565 δευτέρων
2451 2497 2614 2551 αῐτιοι
2657 2499 2920 2567 γίνονται,
2950 2504 3195 2557 κάκεῖνοι
3216 2504 3326 2557 τῶν
3364 2507 3486 2574 μετ’
3511 2508 3732 2571 αὐτούς.

2154 2586 2217 2639 ΕΞ
2247 2588 2302 2639 δὲ
2335 2588 2622 2643 ἐϐούλοντο
2650 2597 2972 2665 σωφρονεῖν,
2997 2594 3097 2648 οὐκ
3127 2594 3192 2648 ἂν
3248 2601 3360 2660 τοῖς
3399 2598 3578 2661 ἄλλοις
3617 2601 3737 2667 ἐγί-

2152 2696 2305 2734 νοντο
2356 2681 2676 2738 διδάσκαλοι
2713 2702 2728 2718 ο
2793 2687 2995 2756 μᾶλλον
3043 2688 3100 2742 δὲ
3150 2688 3270 2742 οὐδὲ
3320 2690 3530 2753 τούτοις
3587 2691 3735 2744 ἔστιν

2152 2773 2422 2842 ἀπολογία
2447 2791 2461 2805 '
2498 2777 2607 2829 είσὶ
2639 2778 2749 2848 γὰρ
2774 2779 2866 2832 καὶ
2898 2779 3078 2852 ἕτεροι
3108 2782 3414 2851 χρημάτων
3464 2799 3735 2853 καταφροο

2153 2866 2372 2931 νοῦντες
2403 2883 2418 2898 ·
2442 2868 2471 2922 ὃ
2498 2869 2592 2922 καὶ
2625 2872 2753 2924 αὐτὸ
2782 2872 2984 2943 δεῖγμα
3038 2877 3296 2945 μέγιστον
3319 2876 3413 2929 τοῦ
3446 2876 3520 2946 μὴ
3572 2892 3736 2943 φυσι-

2154 2959 2247 3012 κὸν
2281 2953 2505 3014 εἶναιτὸ
2542 2962 2637 3032 τῆς
2686 2963 3055 3035 φιλαργυρίας
3094 2967 3304 3037 νόσημα
3330 2984 3346 2999 ·
3370 2970 3465 3021 καὶ
3511 2970 3575 3020 ὲκ
3623 2967 3737 3020 τῶν

2155 3048 2361 3118 ταύτης
2410 3050 2522 3121 γάρ
2574 3052 3017 3123 ἀπηλλαγμένων
3075 3055 3233 3109 τοῦτο
3280 3058 3495 3124 γίνεται
3554 3058 3735 3127 δῆλον,

466 3162 787 3202 communes
842 3147 1102 3202 omnibus
1130 3157 1301 3201 sunt:
1360 3148 1477 3202 haec
1526 3159 1710 3204 autem
1755 3151 2050 3220 cupiditas,

2158 3139 2343 3210 ἐπειδὴ
2382 3139 2450 3193 τὰ
2477 3141 2579 3211 τῆς
2606 3143 2824 3210 φύσεως
2858 3146 3010 3199 κοινά
3036 3147 3254 3200 πάντων
3288 3149 3437 3201 ἐστίν
3468 3164 3483 3180 ο
3514 3146 3655 3217 αῦτη
3680 3150 3736 3200 δὲ

468 3239 631 3309 culpa
666 3247 854 3294 nostra
906 3239 1291 3294 tantummodo
1312 3238 1530 3293 exsistit
1563 3258 1576 3293 :
1612 3241 1741 3294 hinc
1780 3243 2048 3303 nascitur,

468 3331 601 3386 hinc
660 3341 930 3403 augetur;
980 3340 1037 3385 et
1090 3330 1170 3385 illi
1206 3330 1481 3386 inhiantes
1517 3347 1642 3385 cum
1675 3337 2049 3403 occupaverit.

471 3434 662 3481 eontra
693 3434 945 3480 naturam
980 3423 1107 3479 facit
1129 3423 1334 3479 vivere.
1357 3424 1571 3478 Etenim
1600 3440 1725 3479 cum
1756 3441 1865 3480 non
1890 3442 2055 3496 agno-

472 3528 635 3574 scunt
691 3518 989 3588 populares
1040 3532 1192 3583 suos,
1258 3516 1485 3583 amicos,
1516 3516 1746 3591 fratres,
1790 3529 2056 3590 cognatos

474 3625 703 3680 prorsus
765 3608 1073 3677 quoslibet,
1102 3617 1159 3662 ct
1208 3623 1332 3663 cum
1370 3608 1479 3662 illis
1535 3623 1593 3664 se
1635 3608 1783 3678 ipsos
1836 3626 2057 3680 quoque

475 3702 784 3771 negligunt,
822 3700 875 3754 id
910 3701 1054 3754 cnim
1079 3715 1211 3755 vero
1246 3709 1433 3756 contra
1457 3708 1705 3754 naturam
1742 3702 1926 3757 vivere
1949 3714 2054 3758 est.

475 3794 632 3850 Unde
673 3802 900 3863 apparet
922 3792 1260 3846 contrarium
1294 3799 1506 3846 naturae
1544 3807 1669 3848 esse
1702 3792 1809 3847 hoc
1836 3792 2055 3858 vitium,

476 3888 529 3943 id
566 3899 651 3943 est
680 3887 925 3943 avaritiae
955 3887 1232 3943 morbum.

550 3981 641 4035 η.
668 3980 965 4050 Propterea
998 3988 1054 4033 et
1095 3978 1266 4033 Judas
1313 3979 1368 4032 in
1405 3979 1551 4034 hunc
1589 3979 1841 4034 morbum
1898 3978 2059 4049 culpa

477 4092 574 4131 sua
604 4073 921 4143 implicitus,
961 4071 1207 4142 proditor
1231 4070 1435 4125 Christi
1475 4072 1710 4136 exstitit,
1745 4085 2059 4141 quanquam

478 4170 547 4223 ab
573 4167 765 4224 eodem
813 4165 1033 4237 Christo
1074 4173 1319 4219 vocatus.
1369 4163 1584 4233 Quippe
1611 4179 1720 4218 non
1770 4173 1856 4218 est
1912 4178 2064 4218 coar-

479 4271 637 4315 ctans
665 4258 761 4313 Dei
801 4258 1041 4323 vocatio,
1095 4270 1275 4324 neque
1316 4254 1423 4308 vim
1482 4253 1613 4309 facit
1664 4254 1836 4309 menti
1867 4268 2061 4308 eorum

479 4353 575 4423 qui
606 4351 867 4405 virtutem
900 4347 1155 4418 amplecti
1189 4345 1386 4400 nolunt
1414 4343 1544 4399 :sed
1573 4343 1824 4399 hortatur
1853 4351 2063 4399 tantum

479 4457 538 4501 et
563 4444 844 4509 consulit,
873 4451 929 4497 ct
958 4443 1153 4508 satagit
1198 4449 1363 4509 atque
1392 4437 1485 4491 dat
1517 4452 1740 4507 Operam
1781 4435 2062 4492 suadendo

2160 3234 2223 3283 ἐκ
2274 3232 2549 3303 ῥᾳθυμίας
2604 3236 2637 3304 ή
2673 3236 2939 3306 ἐπιθυμία
3001 3238 3211 3305 γίνεται
3244 3240 3412 3309 μόνης
3441 3255 3457 3270 θ
3488 3239 3739 3294 ἐντεῦθεν

2160 3325 2378 3391 φύεται,
2418 3326 2665 3380 ἐντεῦθεν
2707 3326 2930 3393 αὔξεται
2958 3346 2972 3360 ·
3009 3330 3102 3383 καὶ
3124 3331 3249 3394 τοὺς
3299 3333 3437 3402 πρὸς
3463 3332 3631 3402 αὐτὴν
3649 3350 3742 3385 κε-

2159 3420 2392 3487 χηνότας
2425 3420 2552 3472 ὅταν
2584 3420 2703 3492 ἕλῃ,
2732 3422 2886 3493 παρά
2917 3423 3078 3492 φύσιν
3105 3425 3251 3477 ποιεῖ
3280 3424 3402 3495 ζῇν.
3424 3425 3599 3478 Ὅταν
3630 3427 3742 3494 γὰρ

2158 3513 2398 3580 ἀγνοῶσι
2421 3517 2547 3578 τοὺς
2564 3515 2890 3585 ὁμοφύλους,
2919 3518 3046 3580 τοὺς
3078 3517 3364 3587 ἀδελφοὺς,
3393 3520 3518 3581 τοὺς
3543 3535 3741 3588 συγγε·

2160 3610 2270 3670 νείς
2314 3608 2562 3673 ἅπαντας
2593 3609 2802 3676 ἁπλῶς,
2838 3614 2924 3664 καὶ
2960 3614 3097 3681 μετά
3122 3611 3327 3665 τούτων
3365 3612 3460 3666 καὶ
3490 3613 3736 3675 ἑαυτοὺς.

2162 3704 2312 3772 παρά
2377 3702 2540 3770 φύσιν
2570 3703 2731 3757 τοῦτό
2759 3706 2874 3757 ἔστι
2909 3705 3030 3774 ζῇν.
3064 3704 3228 3759 Ὅθεν
3272 3706 3429 3777 δῆλον
3472 3709 3552 3759 ὅτι
3586 3706 3739 3776 παρά

2162 3794 2327 3862 φύσιν
2360 3798 2392 3866 ὴ
2423 3794 2614 3860 κακία,
2641 3799 2737 3849 καὶ
2765 3796 2826 3848 τὸ
2852 3796 2950 3865 τῆς
2986 3796 3348 3868 φιλαργυρίας
3392 3796 3626 3868 νόσημα.

2238 3976 2324 4048 ιβ’.
2350 3979 2447 4032 Διά
2480 3978 2639 4032 τοῦτο
2679 3979 2774 4032 καὶ
2803 3981 2831 4032 ὁ
2862 3978 3062 4041 Ἰούδας
3087 3977 3259 4047 τούτῳ
3300 3977 3617 4049 περιπεσὼν
3671 3979 3737 4032 ἐκ

2165 4069 2466 4139 ῥᾳθυμίας,
2510 4069 2778 4139 προδότης
2828 4070 3042 4137 ἐγένετο
3101 4070 3195 4123 τοῦ
3245 4071 3504 4138 Χριστοῦ,
3557 4070 3737 4124 καίτοι

2163 4161 2385 4228 κληθεὶς
2424 4159 2517 4214 ὑπ’
2547 4160 2714 4214 αὑτοῦ
2739 4159 2833 4213 τοῦ
2861 4161 3104 4231 Χριστοῦ
3134 4178 3146 4194 ·
3178 4163 3271 4215 καὶ
3303 4163 3412 4232 γάρ
3443 4163 3542 4216 οὐκ
3571 4163 3741 4230 ἀναγ-

2165 4252 2404 4321 καστικὴ
2438 4251 2534 4306 τοῦ
2559 4252 2694 4306 Θεοῦ
2729 4255 2761 4322 ἡ
2796 4253 3010 4321 κλῆσις,
3031 4253 3152 4307 οὐδὲ
3188 4253 3436 4323 βιάζεται
3464 4254 3563 4322 τὴν
3601 4253 3742 4322 γνὼ-

2167 4362 2277 4415 μτΓ¹
2307 4326 2519 4415 “mini
2556 4343 2901 4416 βουλομένων
2934 4346 3137 4416 ἀρετὴν
3164 4346 3382 4400 ἑλέσθαι
3414 4362 3427 4377 ⁸
3462 4345 3598 4401 ἀλλὰ
3633 4363 3740 4398 σπι..

2168 4439 2346 4505 ραινεῖ
2377 4439 2471 4506 μὲν
2506 4438 2601 4491 καὶ
2635 4436 3018 4505 συμϐουλεύει,
3064 4439 3158 4491 καὶ
3214 4439 3392 4493 πάντα
3450 4440 3598 4490 ποιεῖ
3648 4440 3741 4490 καὶ

482 4550 546 4594 ut
583 4538 714 4593 boui
753 4536 988 4589 (lamus:
1023 4547 1187 4603 quam
1230 4530 1276 4585 si
1313 4530 1560 4585 nonnulli
1602 4544 1709 4582 non
1742 4527 2053 4591 admittunt,

2171 4528 2652 4599 πραγματεύεται,
2690 4527 2832 4582 ὥστε
2888 4530 3074 4583 πεῖσαι
3119 4530 3372 4595 γενέσθαι
3417 4528 3687 4599 χρηστούς
3722 4544 3737 4561 ο

481 4632 629 4686 haud
670 4629 877 4685 idcirco
908 4625 1089 4696 cogit;
1113 4624 1273 4681 sicuti
1308 4638 1487 4692 neque
1517 4620 1714 4678 Judam
1745 4618 1923 4689 coegit
1945 4617 2064 4673 ﬁeri

481 4719 715 4782 bonum,
746 4725 1036 4786 postquam
1070 4713 1351 4783 improbus
1401 4726 1715 4782 pravusque
1752 4710 1913 4778 culpa
1944 4724 2067 4778 pro-

481 4811 602 4881 pria
642 4808 712 4862 ub
777 4805 927 4860 hunc
982 4803 1234 4859 morbum
1281 4812 1551 4859 evaserat.
1591 4801 1729 4856 llinc
1780 4800 1950 4862 enim,
2012 4811 2069 4854 et

483 4918 593 4957 non
632 4897 878 4965 aliunde,
933 4896 1070 4951 ﬁunt
1114 4894 1433 4966 huiusmodi
1467 4894 1841 4947 mutationes:
1878 4906 2070 4961 quem-

484 4991 782 5048 admodum
821 5006 852 5043 a
886 4989 1032 5044 bono
1058 4989 1242 5043 studio
1268 4985 1567 5056 procedunt
1585 4984 1898 5040 contrarian
1921 4984 2067 5051 Quot

483 5087 631 5140 cnim
683 5084 777 5155 qui
821 5083 1042 5139 fuerant
1096 5081 1358 5144 violenti,
1419 5080 1821 5134 mansuetiores
1870 5079 2068 5133 ovibus

485 5190 673 5248 postea
709 5174 1049 5232 evaserunt?
1073 5173 1219 5240 Quot
1245 5171 1511 5226 luxuriosi
1536 5210 1553 5236 ,
1585 5170 1845 5241 deinceps
1878 5170 2067 5240 pudici

485 5270 1009 5337 exstiterunt?Quot
1037 5276 1200 5322 antea
1233 5281 1479 5337 rapaces,
1498 5264 1696 5321 deinde
1727 5280 1825 5319 sua
1848 5280 2070 5334 quoque

485 5366 879 5438 proiecerunt?
914 5364 1308 5433 Quamobrem,
1333 5364 1377 5416 si
1411 5362 1677 5433 sapimus,
1711 5360 1900 5431 procul
1927 5360 2070 5429 abji-

487 5466 698 5517 ciamus
752 5461 1071 5515 divitiarum
1104 5456 1484 5526 cupiditatem,
1524 5464 1580 5510 et
1628 5454 1873 5510 avaritiae
1925 5466 2099 5507 morr

487 5553 654 5618 bam;
681 5553 839 5622 cujus
870 5550 1172 5620 nequitiam
1210 5549 1313 5621 ipsi
1337 5562 1558 5618 quoque
1587 5554 1861 5601 testantur
1896 5544 2067 5607 avari,

491 5646 747 5716 iniuriam
770 5643 877 5698 sibi
906 5642 1022 5697 ﬁeri
1044 5642 1379 5715 iudicantes.
1401 5638 1841 5710 quotiescunque
1868 5634 2072 5704 aliqu-is

495 5736 574 5789 eis
612 5736 716 5789 huc
744 5735 1101 5804 opprobrium
1144 5732 1429 5804 obiecerit.
1461 5731 1524 5785 Et
1557 5747 1617 5784 rc
1666 5728 1888 5799 quidem
1917 5742 2067 5788 vera,

505 5836 779 5883 sanitatum
814 5824 918 5879 hoc
948 5835 1029 5880 cst
1064 5823 1442 5895 opprobrium,
1478 5822 1770 5890 multaeque
1813 5817 2071 5888 nequitiae

2172 4621 2300 4674 εἰδὲ
2337 4620 2413 4691 μὴ
2442 4620 2763 4688 ἀνάσχοιντό
2788 4637 2955 4686 τινες,
2977 4621 3077 4673 οὐκ
3139 4619 3460 4687 ἀναγκάζει,
3490 4618 3747 4686 καθάπερ

2170 4711 2294 4764 οὐδὲ
2324 4710 2415 4762 τὸν
2463 4709 2669 4763 Ἰούδαν
2696 4711 2977 4780 ἠνάγκασε
3009 4711 3263 4777 γενέσθαι
3305 4709 3488 4775 καλὸν,
3514 4708 3742 4777 γενόμε-

2171 4821 2260 4856 νον
2291 4802 2567 4874 μοχθηρὸν
2602 4802 2698 4857 καὶ
2726 4802 2928 4873 φαῦλον
2955 4803 3061 4856 ἀπὸ
3080 4802 3273 4855 τούτου
3297 4800 3388 4854 τοῦ
3438 4802 3742 4871 νοσήματος

2172 4895 2235 4948 ἐκ
2280 4895 2551 4965 ῥᾳθυμίας
2582 4909 2595 4923 ·
2642 4894 2893 4948 ἐντεῦθεν
2930 4894 3024 4947 καὶ⁸
3088 4894 3196 4963 γὰρ
3249 4895 3350 4947 οὐκ
3413 4891 3634 4947 ἄλλοθεν
3683 4892 3740 4944 αἱ

2171 4987 2419 5042 τοιαῦται
2452 4986 2767 5055 μεταϐολαὶ,
2806 4986 3053 5055 καθάπερ
3085 4986 3190 5039 ἀπὸ
3237 4987 3476 5055 σπουδῆς
3520 4987 3575 5039 αἱ
3608 4986 3743 5055 πρὸς

2172 5079 2234 5133 τὸ
2272 5080 2535 5133 ἐναντίον.
2572 5070 2734 5131 Πόσοι
2755 5078 2886 5146 γοῦν
2907 5078 3189 5146 γενόμενοι
3217 5077 3411 5147 βίαιοι,
3456 5076 3742 5146 προϐάτων

2173 5169 2515 5242 ἡμερώτεροι
2544 5170 2828 5238 γεγόνασιν
2857 5168 3083 5241 ὕστερον
3113 5188 3129 5236 ;
3172 5171 3333 5223 Πόσοι
3358 5171 3607 5238 ἀσελγεῖς
3643 5168 3747 5222 σώ-

2175 5277 2372 5331 φρονες
2406 5261 2545 5329 μετὰ
2569 5260 2742 5314 ταῦτα
2770 5263 3116 5331 κατέστησαν
3149 5277 3163 5325 ;
3217 5262 3378 5314 Πόσοι
3425 5261 3743 5315 πλεονέκται

2174 5351 2281 5421 πρὸ
2317 5351 2507 5404 τούτου
2541 5349 2768 5421 ὕστερον
2789 5351 3021 5423 ἔρριψαν
3046 5354 3137 5404 καὶ
3192 5351 3261 5405 τά
3303 5352 3525 5417 αὖτῶνς
3582 5352 3744 5404 Ὥστε

2174 5444 2270 5496 ὲάν
2289 5444 2575 5512 νήφωμεν,
2609 5444 2949 5514 ἐκϐαλοῦμεν
2967 5444 3065 5515 τὴν
3096 5444 3393 5515 ἐπιθυμίαν
3442 5444 3537 5497 τοῦ
3585 5443 3747 5496 πλού-

2174 5552 2287 5599 του,
2314 5534 2410 5586 καὶ
2433 5535 2529 5604 τῆς
2561 5534 2927 5604 φιλαργυρίας
2965 5536 3024 5588 τὸ
3049 5537 3283 5604 νόσημα,
3315 5536 3453 5606 ὅπερ
3484 5535 3575 5588 καὶ
3592 5534 3747 5589 αὐτοὶ

2179 5625 2550 5697 μαρτυροῦσιν
2583 5622 2724 5679 εἶναι
2757 5628 2929 5680 κακὸν
2951 5628 3001 5678 oi
3036 5627 3390 5696 φιλάργυροι,
3436 5627 3744 5695 νομίζοντες

2178 5721 2336 5790 ὖίιριν
2359 5721 2417 5772 τό
2446 5718 2703 5789 πρᾶγμα,
2736 5720 2864 5771 ὅταν
2894 5736 2977 5782 τις
3013 5719 3195 5781 αὐτοῖς
3250 5716 3408 5770 τοῦτο
3452 5716 3744 5788 προσενέγ-

2178 5830 2259 5886 κηη
2284 5814 2339 5865 τὶ
2378 5810 2578 5874 ὄνειδος
2619 5812 2887 5882 ’ἔσχατον
2939 5810 3116 5877 τοῦτο,
3150 5816 3244 5864 καὶ
3289 5809 3493 5879 πολλῆς
3545 5805 3742 5867 κακίας
