4074 6486
328 385 438 446 985

331 588 496 659 μεθα,
544 589 688 649 τίνος
747 587 911 643 ἄλλου
973 589 1347 660 περιεσόμεθά
1393 608 1522 643 ποτε
1573 592 1914 662 ὲπιθυμίας;

328 680 464 733 ἀλλὰ
494 676 838 750 δοξομανίας,
874 680 1049 749 θυμοῦ
1085 680 1118 751 ἤ
1147 681 1365 751 ὀργῆς;
1400 684 1511 735 Καὶ
1564 684 1682 746 πῶς
1713 683 1780 738 ἄν
1837 702 1947 747 τις.

330 773 624 841 πεισθείης
663 773 967 841 ἐπιθυμίας
1004 772 1106 841 μὲν
1139 774 1249 844 γὰρ
1284 774 1447 828 ἕνεκα
1499 775 1601 845 τῆς
1659 777 1771 829 τῶν
1817 795 1923 830 σω-

335 863 519 932 μάτων
551 865 645 917 καὶ
669 862 842 934 θυμοῦ
870 865 963 916 καὶ
995 864 1167 934 ὀργῆς
1186 864 1378 919 πολλοὶ
1425 865 1521 918 καὶ
1564 868 1662 935 τῆς
1718 868 1919 937 σαρκὸς

331 955 432 1022 τὴν
465 938 817 1022 κατασκευὴν
847 955 1185 1024 λογίζονται,
1223 958 1323 1010 καὶ
1351 957 1453 1019 τὰς
1487 957 1797 1027 ὑπερϐολὰς
1822 960 1918 1011 ἀν-

330 1046 631 1101 τιτιθέασιν
668 1047 868 1118 ἰατρῶν
899 1048 1090 1110 παῖδες
1123 1063 1138 1078 ’
1189 1049 1288 1102 καὶ
1329 1049 1423 1103 τὸν
1450 1049 1549 1118 μέν
1588 1048 1922 1119 θερμότερον

332 1140 434 1192 καὶ
464 1139 765 1210 ὑγρότερον
796 1139 1128 1209 λαγνότερον
1160 1136 1305 1195 εἷναί
1354 1158 1510 1210 φασι,
1538 1142 1632 1194 τὸν
1676 1141 1733 1194 δέ
1783 1143 1923 1212 πρὸς

339 1229 976 1301 ξηροτέρανψπεσόντα
1001 1232 1341 1303 δυσκρασίαν
1376 1232 1674 1302 ὰκρὸχολον
1702 1233 1800 1287 καὶ
1831 1234 1922 1287 θυ-

339 1320 512 1393 μώδη.
533 1322 921 1394 Φυλαργυρίας
954 1324 1012 1376 δὲ
1040 1324 1226 1377 ἕνεκεν
1257 1325 1437 1389 οἰδεὶς
1457 1325 1713 1380 οὐδέποτε
1737 1324 1921 1379 αὐτῶν

337 1412 569 1481 ἤκουσεν
596 1412 901 1483 εἰρηκότων
932 1431 986 1467 τι
1017 1415 1278 1487 τοιοῖετον.
1326 1414 1484 1469 Οὕτω
1517 1415 1790 1486 ῥᾳθυμίας
1823 1416 1923 1484 μό-

337 1519 436 1571 νης
469 1503 590 1555 ἐστὶ
622 1503 717 1556 καὶ
760 1503 941 1575 ψυχῆς
996 1505 1309 1575 άναλγήτου
1363 1506 1523 1559 τοῦτο
1577 1506 1638 1559 τὸ
1686 1506 1919 1579 νόσημα,

334 1594 433 1647 καὶ
455 1594 681 1649 δυνατὸν
700 1596 861 1650 τοῦτο
894 1599 1091 1665 φυγεῖν
1121 1599 1293 1668 ἡμᾶς,
1343 1597 1410 1652 ἆν
1441 1599 1705 1668 θέλωμεν.

408 1683 501 1753 ιγ’.
532 1685 938 1755 Σπουδάσωμεν
967 1687 1285 1758 τοιγαροῦν,
1318 1690 1616 1757 ἀγαπητοὶ,
1648 1689 1744 1744 καὶ
1793 1688 1921 1743 τοῦ-

330 1795 394 1832 το
417 1777 845 1848 διορθώσασθαι,
878 1781 974 1834 καὶ
1008 1779 1079 1833 τὰ
1109 1779 1235 1833 καθ’
1261 1781 1502 1851 ἑκάστην
1530 1780 1749 1851 ἠλικίαν
1784 1776 1919 1852 ἡμῖν

1715 390 2059 451 ETlllCON
2112 392 2216 452 1X.

327 494 627 559 ἀπόδειξις.
664 494 726 547 Ei
759 493 870 564 γὰρ
911 494 1215 566 χρημάτων
1260 494 1538 566 ὑπεριδεῖν
1572 499 1671 551 οὑκ
1728 499 1915 569 ἀνεχό·

2035 510 2424 572 trgumentum.
2459 503 2592 557 Nam
2640 503 2684 558 si
2733 519 2865 575 epes
2899 514 3251 559 contemnere
3290 522 3397 560 non
3432 510 3597 561 susti-

3490 399 3595 463 ίῐδίῖ
3670 459 3684 470 .

2024 608 2234 649 nemus.
2273 611 2568 665 quamnam
2602 612 2841 666 unquam
2870 597 3154 653 vincemus
3181 600 3342 652 aliam
3365 589 3602 666 'cupidi-

2024 687 2236 741 tatem?
2266 704 2397 742 num
2452 689 2680 756 gloriae?
2713 705 2842 743 num
2889 690 3057 744 animi
3089 692 3447 747 vehementia:
3503 701 3599 744 aut

2023 778 2147 832 ine?
2181 779 2315 845 Quis
2365 780 2416 833 id
2454 779 2679 834 credat?
2723 780 3091 848 Cupiditatem
3138 782 3359 850 quidem
3407 796 3603 850 corpo-

2024 886 2168 936 rum,
2227 879 2281 925 et
2335 871 2504 924 animi
2541 872 2966 936 vehementiam,
3003 880 3060 927 et
3111 871 3489 935 iram,'multi
3544 872 3598 926 in

2023 961 2204 1016 carnis
2230 970 2481 1015 naturam
2510 963 2821 1028 conferunt,
2855 980 3019 1034 quam
3057 979 3171 1020 rem
3211 965 3411 1019 medici
3441 980 3604 1032 evag-

2023 1060 2246 1122 gerant:
2281 1061 2336 1106 et
2363 1069 2490 1107 eum
2515 1054 2607 1123 qui
2640 1056 2710 1109 sit
2744 1055 2974 1110 calidior
3022 1056 3394 1118 humidiorve,
3436 1056 3600 1110 lasci-

2020 1143 2233 1198 viorem
2278 1159 2400 1199 esse
2441 1146 2596 1199 aiunt
2627 1163 2642 1198 :
2691 1157 2747 1199 at
2785 1147 3071 1201 sicciorcm
3108 1149 3365 1203 sortitum
3397 1155 3603 1216 tempe-

2023 1237 2315 1303 rationem,
2349 1236 2673 1292 irritabilem
2719 1237 2837 1293 fore
2889 1249 2945 1293 ct
2988 1238 3339 1293 iracundum.
3375 1240 3602 1294 Verum-

2026 1336 2204 1381 tamen
2251 1327 2320 1381 de
2373 1329 2600 1382 avaritia
2655 1329 2795 1384 nihil
2856 1329 3169 1400 huiusmodi
3219 1331 3288 1386 ab
3342 1331 3430 1385 his
3490 1331 3608 1386 dici-

2023 1431 2264 1485 unquam
2287 1428 2629 1487 compertum
2668 1428 2772 1475 est.
2808 1419 2961 1475 Adeo
2995 1420 3167 1475 solius
3221 1420 3486 1475 socordiae
3517 1428 3605 1474 est

2022 1508 2328 1579 animaeque
2380 1510 2610 1580 ignavia:
2658 1511 2749 1567 hic
2807 1511 3072 1578 morbus,
3116 1526 3357 1582 cumque
3402 1512 3599 1589 vitare,

2023 1600 2314 1669 potestatis
2336 1610 2536 1656 nostra:
2554 1612 2658 1659 est.

2096 1690 2186 1744 13.
2215 1691 2546 1746 Studeamus
2586 1693 2791 1762 itaque,
2848 1692 3180 1759 charissimi,
3221 1692 3327 1748 hoc
3382 1706 3601 1761 quoque

2025 1784 2319 1837 emendare
2346 1783 2558 1850 vitium,
2589 1793 2646 1839 et
2677 1799 2771 1841 eas
2799 1800 2943 1856 quae,
2970 1786 3024 1840 in
3071 1786 3302 1855 singulis
3348 1785 3605 1840 aetatibus

334 1871 698 1940 ἐπιγινόμενα
723 1871 872 1943 πάθη
896 1875 1035 1941 πρὸς
1066 1873 1129 1927 τὸ
1153 1873 1399 1927 ἐναντίον
1450 1873 1783 1943 μεταθεῖναι.
1824 1875 1922 1928 Ἂν

2035 1872 2351 1928 oboriuntur
2371 1874 2533 1929 nobis
2548 1874 2899 1945 cupiditates,
2919 1876 2975 1931 in
3005 1876 3343 1931 contrarium
3360 1886 3601 1930 vertere.

334 1963 390 2016 δέ
414 1964 539 2018 καθ’
560 1964 794 2018 ἕκαστον
829 1965 997 2035 μέρος
1030 1966 1130 2035 τῆς
1171 1965 1322 2036 ζωῆς
1370 1966 1530 2036 ἡμῶν
1586 1966 1922 2034 παραπλέω-

340 2073 443 2127 μεν
488 2058 618 2120 τοὺς
665 2059 764 2128 τῆς
811 2057 1014 2126 άρετῆς
1071 2061 1292 2122 πόνους,
1361 2057 1638 2128 πανταχοῦ
1685 2061 1923 2127 ναυάγια

340 2148 730 2217 ὑπομένοντες,
767 2149 858 2201 ἐπὶ
881 2150 972 2203 τδν
1000 2149 1196 2219 λιμένα
1225 2149 1415 2202 λοιπὸν
1444 2150 1692 2214 ἐλθόντες
1722 2151 1927 2220 ἔρημοι

337 2240 578 2308 φορτίων
627 2240 1022 2311 πνευματικῶν
1050 2280 1063 2303 ,
1123 2241 1193 2293 τὰ
1246 2239 1452 2311 ἔσχατα
1514 2241 1921 2311 ὑπομενοῦμεν.

340 2331 586 2399 Πέλαγος
639 2331 748 2403 γάρ
807 2333 959 2385 ἐστιν
991 2332 1293 2400 τεταμένον
1342 2334 1372 2385 ὁ
1406 2332 1597 2402 παρὼν
1647 2333 1799 2402 βίος⁶
1830 2334 1924 2387 καὶ

341 2416 531 2489 ὥσπερ
554 2419 612 2470 ὲν
642 2421 709 2487 τῇ
731 2417 975 2489 θαλάττῃ
1005 2416 1177 2489 ταύτῃ
1210 2418 1464 2490 διάφοροι
1510 2420 1703 2474 κόλποι
1736 2421 1924 2488 διαφό-

345 2527 472 2581 ρους
503 2510 719 2580 ἒχοντες
741 2510 1017 2580 χειμῶνας
1050 2526 1065 2542 '
1109 2514 1206 2564 καὶ
1228 2514 1255 2564 ὁ
1286 2513 1386 2582 μὲν
1437 2513 1662 2581 Αἰγαῖος
1716 2512 1807 2566 διὰ
1859 2514 1929 2568 τὰ

342 2603 635 2672 πνεύματά
658 2604 772 2656 ἐστι
804 2604 1042 2675 χαλεπός
1070 2620 1083 2634 ο
1111 2607 1139 2658 ὁ
1190 2605 1246 2659 δέ
1298 2604 1547 2675 πορθμὸς
1594 2608 1622 2659 ὁ
1650 2607 1928 2678 Τυρρηνι-

343 2694 439 2755 κὸς
461 2693 549 2746 διὰ
569 2694 669 2764 τὴν
699 2696 1067 2766 στενοχωρίαν
1103 2711 1116 2724 ·
1153 2697 1188 2767 ἡ
1223 2695 1281 2749 δέ
1316 2697 1658 2769 Χάρυϐδιςή
1689 2698 1827 2769 πρὸς
1860 2700 1927 2769 τῇ

347 2784 524 2856 Λιϐύῃ
553 2786 641 2839 διὰ
664 2786 733 2840 τὰ
762 2787 1008 2858 τέλματα
1036 2803 1052 2819 ⁸
1086 2790 1119 2859 ἠ
1152 2790 1457 2857 Προποντὶς
1482 2791 1514 2861 ἡ
1558 2788 1666 2854 ἐξω
1695 2789 1788 2843 τοῦ
1823 2791 1927 2843 Eil-

349 2873 526 2939 ξείνου
557 2877 763 2931 Πόντου
794 2878 882 2931 διὰ
902 2878 962 2932 τὺ
989 2880 1249 2949 ῥαγδαῖον
1280 2879 1376 2933 τοῦ
1429 2880 1614 2951 ροθίου
1648 2898 1662 2913 ⁸
1714 2882 1784 2937 τὰ
1823 2881 1930 2947 ἔξω

348 2968 623 3039 Γαδείρων
652 2969 740 3024 διὰ
762 2970 862 3042 τὴν
908 2970 1151 3041 ἐρημίαν
1198 2971 1295 3024 καὶ
1341 2971 1403 3025 τὸ
1450 2972 1674 3042 άτριὸἐς
1720 2974 1813 3028 καλ⁸
1870 2972 1930 3026 τὸ

347 3061 704 3132 ἀνιστόρητον
729 3062 842 3116 τῶν
871 3064 1054 3117 τόπων
1074 3080 1088 3096 ’
1124 3064 1222 3117 καὶ
1252 3063 1579 3135 ἄλλο-μέρος
1608 3064 1675 3118 δι’
1698 3065 1885 3136 ἕτερον
1910 3079 1926 3096 ο
1958 3070 1964 3077 ‘

347 3152 610 3207 οὕτωκαὶ
648 3155 742 3207 ἐπὶ
771 3155 872 3225 τῆς
900 3157 1046 3224 ζωῆς
1093 3156 1195 3226 τῆς
1245 3156 1548 3228 ἡμετέρας.
1601 3156 1715 3210 Καὶ
1779 3157 1929 3227 πρῶ-

349 3263 442 3299 τον
484 3246 720 3316 πέλαγος
770 3247 920 3301 ἔστιν
972 3247 1102 3301 ἰδεῖν
1155 3247 1217 3302 τὸ
1254 3249 1356 3317 τῆς
1414 3248 1670 3321 παιδικῆς
1712 3250 1929 3320 ἡλικίας

350 3341 522 3395 πολὺν
548 3342 671 3412 ἕχον
694 3341 789 3397 τὸν
812 3343 975 3397 σάλον
1006 3343 1099 3396 διὰ
1120 3343 1180 3397 τὸ
1215 3343 1467 3414 ἀνόητον,
1497 3343 1584 3397 διὰ
1637 3344 1738 3414 τὴν
1773 3344 1929 3397 εὐκο-

350 3431 497 3497 λίαν,
519 3434 606 3488 διὰ
639 3434 703 3487 τὺ
733 3434 810 3506 μὴ
846 3434 1183 3506 πεπηγέναι.
1218 3436 1318 3489 Διὰ
1368 3434 1533 3489 τοῦτο
1579 3435 1675 3490 καὶ
1735 3436 1930 3490 παιδα-

352 3526 573 3593 γωγοὺς
601 3527 916 3594 ἐφιστῶμεν
965 3529 1060 3580 καὶ
1115 3528 1499 3593 διδασκάλους,
1528 3527 1590 3579 τὸ
1641 3526 1828 3581 λεῖπον
1864 3530 1930 3596 τῇ

353 3617 517 3685 φύσει
541 3618 629 3672 διὰ
648 3619 748 3689 τῆς
772 3619 1094 3689 ἐπιμελείας
1130 3620 1507 3690 εἰσφέροντες,
1574 3618 1765 3689 ὥσπερ
1815 3620 1934 3672 ἐκεῖ

353 3709 442 3763 διὰ
476 3710 574 3779 τῆς
592 3713 789 3781 τέχνης
820 3711 916 3781 τῆς
940 3711 1108 3779 κυὸερ
1124 3711 1364 3781 ωτικῆς.
1394 3711 1550 3764 Μετὰ
1589 3710 1794 3781 ταύτην
1835 3710 1934 3781 τὴν

355 3801 574 3872 ἡλικίαν
604 3803 752 3872 ήτοῦ
788 3803 1077 3873 μειρακίου
1132 3802 1439 3872 διαδέχεται
1488 3802 1755 3868 θάλασσα,
1806 3802 1936 3856 ἔνθα

359 3889 568 3960 σφοδρὰ
587 3892 657 3945 τὰ
687 3890 1002 3959 πνεύματα,
1036 3890 1289 3962 καθάπερ
1322 3893 1381 3943 ἐν
1430 3890 1508 3960 τῷ
1547 3890 1780 3959 Αἰγαίῳ,
1836 3890 1935 3957 τῆς

359 3981 657 4051 ἐπιθυμίας
684 3984 818 4051 ἡμῖν
838 3980 1238 4053 αὐξανομένης.
1298 3981 1407 4035 Καὶ
1442 3979 1580 4050 αὑτη
1634 3980 1871 4051 μάλιττα
1903 3981 1934 4049 ἠ

358 4071 551 4142 ἡλικία
576 4071 921 4142 διορθώσεως
957 4072 1191 4144 ἔρημος,
1221 4071 1282 4124 οὑ
1310 4070 1476 4124 διὰτὸ
1504 4071 1574 4123 τά
1602 4070 1939 4140 ἁμαρτήμα-

358 4165 528 4232 ταμὴ
576 4162 952 4234 ἐλέγχεσθαι·
1015 4156 1111 4215 καὶ
1155 4163 1264 4232 γὰρ
1314 4161 1410 4215 καλ⁸
1465 4159 1782 4223 διδάσκαλος
1842 4161 1939 4213 καὶ

361 4255 714 4325 παιδαγωγὸς
768 4254 959 4316 λοιπὸν
1004 4254 1303 4320 ἐξίσταται.
1359 4253 1530 4306 Ὅταν
1585 4249 1680 4305 οὖν
1732 4251 1799 4304 τὰ
1841 4251 1939 4319 μὲν

363 4347 657 4418 πνεύματα
712 4347 1074 4418 σφοδρότερον
1113 4344 1366 4416 διαπνέῃ,
1424 4344 1453 4397 ὁ
1496 4343 1553 4397 δέ
1598 4343 1942 4415 κυϐερνήτης

360 4437 780 4508 ἀσθενέστερος,
812 4441 909 4490 καὶ
952 4439 979 4490 ὁ
1015 4435 1238 4505 ἀμύνων
1258 4434 1431 4497 οὐδεὶς
1456 4429 1514 4506 ᾗ,
1544 4433 1797 4501 ἐννόησον
1846 4433 1941 4486 τοῦ

2025 1968 2181 2035 Quod
2221 1969 2267 2025 si
2308 1985 2404 2039 per
2434 1970 2683 2039 singulos
2716 1970 2837 2026 vitae
2881 1981 3080 2026 nostra:
3108 1970 3311 2040 gradus
3349 1970 3604 2041 neglexe-

2026 2061 2204 2116 rimus
2228 2061 2446 2117 virtutis
2485 2061 2726 2125 labores.
2757 2062 2962 2131 ubique
2989 2061 3275 2130 naufragia
3301 2063 3599 2133 patientes,

2027 2166 2152 2208 cum
2177 2152 2231 2208 in
2262 2163 2480 2224 portum
2516 2153 2755 2222 denique
2779 2154 3067 2209 veniemus
3116 2154 3455 2223 spiritalibus
3485 2166 3606 2208 sar-

2028 2245 2168 2300 cinis
2216 2245 2395 2308 vacui,
2438 2260 2752 2315 supremam
2804 2260 3022 2313 poenam
3078 2247 3318 2300 luemus.
3367 2244 3601 2315 Pelagus

2028 2337 2175 2389 enim
2202 2344 2414 2390 vastum
2440 2345 2523 2390 est
2546 2336 2657 2391 vita
2676 2350 2941 2405 praesens.
2962 2336 3031 2390 Et
3052 2334 3515 2406 quemadmodum
3549 2337 3613 2390 iu-

2031 2426 2136 2482 boc
2184 2427 2318 2482 mari
2375 2427 2577 2482 diversi
2632 2429 2789 2483 sinus
2838 2435 3000 2505 sunt,
3050 2427 3299 2483 diversas
3341 2427 3615 2482 habentes

2032 2521 2384 2582 tempestates
2408 2530 2423 2580 ;
2450 2529 2576 2567 nam
2603 2514 2847 2584 [Egaeum
2875 2529 3024 2569 mare
3067 2517 3138 2570 ob
3169 2526 3360 2570 ventos
3387 2514 3615 2570 dillicile‘

2031 2612 2148 2658 est:
2173 2603 2374 2658 fretum
2399 2604 2803 2677 Tyrrhenicum
2826 2615 3048 2676 propter
3079 2607 3359 2677 angustias
3387 2624 3407 2673 ;.
3433 2607 3609 2678 Syrtis

2030 2694 2174 2764 apud
2204 2694 2432 2767 Libyam
2458 2695 2528 2750 ob
2561 2690 2769 2763 tractus
2797 2696 3104 2765 palustres;
3138 2688 3429 2767 Propontis
3454 2706 3608 2753 extra

2031 2792 2259 2855 pontum
2292 2785 2562 2840 Euxinum
2581 2793 2803 2856 prepter
2821 2784 3089 2842 undarum
3112 2787 3375 2855 impetum
3400 2804 3413 2849 ;
3439 2787 3607 2840 maria

2032 2875 2172 2931 ultra
2199 2876 2377 2933 Gades
2407 2889 2635 2948 propter
2657 2877 3023 2935 solitudinem
3055 2889 3112 2934 et
3133 2879 3237 2933 iter
3261 2878 3608 2943 inusitatum,

2031 2975 2087 3020 et
2132 2967 2380 3022 locorum
2413 2954 2799 3036 ignorantiam,
2836 2979 2893 3025 et
2939 2970 3059 3024 aliae
3090 2971 3250 3025 aliam
3289 2970 3359 3024 ob
3386 2984 3607 3025 causam

2032 3070 2247 3129 partes;
2305 3062 2378 3115 ita
2432 3065 2693 3117 usuvenit
2737 3064 2863 3136 vitae
2905 3072 3124 3118 nostrae.
3170 3063 3412 3118 Primum
3458 3074 3611 3115 mare

2034 3152 2221 3207 videre
2261 3163 2345 3209 εει
2374 3155 2603 3224 puerilis
2646 3149 3096 3223 mtatisﬁnultam
3144 3154 3350 3209 habens
3371 3167 3612 3208 commo-

2037 3245 2238 3300 tionem
2269 3247 2339 3302 ob
2373 3247 2643 3302 inscitiam
2672 3257 2728 3303 et
2754 3248 3159 3320 simplicitatem
3201 3250 3264 3302 ac
3308 3246 3606 3301 levitatem.

2038 3338 2337 3409 PrOpterea
2359 3350 2415 3393 et
2431 3341 2752 3411 padagogos
2771 3341 3099 3410 apponimus
3116 3347 3280 3409 atque
3300 3338 3612 3407 magistros,

2038 3443 2247 3486 natura:
2287 3432 2561 3488 defectum
2614 3448 2747 3488 cura
2776 3434 3116 3504 supplcntes,
3165 3433 3305 3486 sicut
3358 3430 3423 3484 in»
3471 3430 3612 3483 mari

2037 3520 2389 3590 providemus
2409 3523 2756 3592 gubernandi
2782 3534 2919 3579 arte.
2964 3523 3117 3577 Hanc
3162 3530 3376 3577 mtatem
3406 3519 3614 3589 excipit

2037 3612 2422 3668 adolescentiae
2450 3630 2621 3680 mare,
2673 3615 2764 3668 ubi
2800 3615 3156 3670 vehementes
3184 3612 3351 3676 venti,
3384 3611 3531 3666 sicut
3558 3611 3612 3663 in

2036 3703 2245 3770 Egreo.
2285 3714 2443 3760 aucta
2486 3705 2540 3757 in
2583 3705 2742 3759 nobis
2786 3703 3251 3773 concupiscentia.
3286 3705 3464 3771 Atque
3500 3700 3617 3754 hmo

2040 3798 2382 3865 potissimum
2404 3807 2537 3851 aetas
2558 3780 2917 3851 emendatore
2941 3803 3130 3856 caret,
3156 3808 3264 3847 non
3288 3792 3464 3847 solum
3489 3791 3613 3862 quia

2040 3887 2419 3942 vehementius
2460 3886 2697 3952 fastidit,
2724 3886 2819 3940 sed
2862 3886 2989 3955 quia
3031 3891 3252 3954 peccata
3276 3898 3385 3938 non
3428 3898 3619 3952 repre-

2039 3978 2394 4044 henduntur;
2422 3993 2544 4032 nam
2577 3978 2836 4048 magister
2856 3987 2912 4032 et
2949 3976 3305 4046 praedagogus
3336 3975 3446 4045 jam
3487 3973 3617 4027 sub.

2040 4069 2171 4124 moti
2225 4068 2400 4124 fuere.
2435 4067 2571 4124 Cum
2598 4084 2729 4138 ergo
2778 4067 2926 4122 venti
2972 4065 3195 4136 quidem
3239 4061 3618 4118 vehementius

2040 4160 2195 4226 ﬂant,
2242 4159 2578 4231 gubernator
2606 4173 2737 4213 vero
2782 4158 3052 4212 inﬁrmior
3102 4164 3204 4218 est,
3236 4164 3292 4208 et
3338 4160 3618 4223 protector

2042 4253 2227 4307 nullus
2243 4263 2349 4317 est,
2373 4251 2660 4306 considera
2682 4258 2883 4319 quanta
2913 4249 2985 4304 sit
3016 4256 3330 4318 tempestas.
3353 4244 3620 4300 Posthine

2043 4344 2225 4398 adhuc
2262 4343 2365 4397 alia
2392 4341 2568 4398 zetatis
2602 4350 2749 4412 pars,
2783 4354 2982 4409 nempe
3023 4338 3198 4393 virilis
3226 4336 3400 4401 subit,
3425 4336 3480 4390 in
3511 4350 3620 4404 qua

2044 4437 2122 4490 rei
2146 4435 2432 4490 familiaris
2462 4449 2615 4500 cura,
2642 4434 2697 4487 in
2728 4447 2833 4502 qua
2863 4447 3021 4496 uxor,
3054 4430 3284 4501 nuptiae,
3316 4428 3619 4483 liberorum

361 4531 634 4602 χειμῶνος
671 4531 733 4584 τδ
755 4528 1009 4600 μέγεθος.
1034 4529 1190 4583 Μετὰ
1218 4526 1380 4580 τοῦτο
1404 4525 1570 4581 πάλιν
1597 4524 1787 4594 ἕτερον
1845 4525 1932 4593 μέ-

2047 4526 2377 4598 procreatio,
2408 4526 2603 4581 domus
2637 4524 2902 4595 regimen,
2921 4531 2978 4578 et
3005 4518 3163 4577 multi
3187 4519 3619 4576 sollicitudinum

365 4637 455 4693 ρος
473 4626 573 4695 τῆς
601 4623 844 4692 ἡλικίας,
881 4623 941 4676 τὸ
960 4622 1072 4675 τῶν
1103 4621 1312 4691 ἀνδρῶν
1338 4620 1572 4684 ἔπεισιν,
1604 4620 1661 4670 ἐν
1683 4612 1726 4686 ᾧ
1751 4619 1818 4671 τὰ
1840 4621 1939 4689 τῆς

361 4714 680 4788 οἰκονομίας
705 4717 984 4770 ἐπίκειται
1018 4729 1033 4744 ·
1069 4715 1159 4769 ὅτε
1204 4713 1263 4766 δέ
1293 4712 1431 4783 γυνὴ
1462 4713 1559 4765 καὶ
1617 4712 1796 4781 γάμος
1843 4714 1939 4765 καὶ

2048 4617 2260 4673 nimbi:
2292 4627 2536 4689 tuncque
2575 4617 2855 4687 praecipue
2886 4615 3116 4670 avaritia
3142 4612 3435 4669 clliorescit
3458 4620 3624 4682 atque

2046 4710 2275 4767 invidia.

304 4838 314 4857 ν-
362 4814 680 4869 παιδοποιία
712 4814 808 4869 καὶ
828 4813 1007 4877 οἰκίας
1053 4808 1385 4882 προστασία,
1445 4809 1540 4862 καὶ
1589 4808 1783 4862 πολλαὶ
1840 4807 1949 4861 τῶν
2025 4810 2326 4879 φροντίδων
2375 4808 2620 4879 νιφάδες,
2668 4807 2791 4862 τότε
2842 4803 3079 4876 μάλιστα
3115 4802 3211 4856 καὶ
3290 4798 3626 4871 φιλαργυρία

214 4975 225 4983 ,
295 4909 317 4923 ⁴
360 4909 516 4965 ἀνθεῖ
575 4910 671 4964 καὶ
729 4908 1016 4979 βασκανία.

440 5001 521 5058 ιδ’.
556 5003 729 5055 Ὅταν
752 4996 846 5056 οὖν
869 4998 1100 5052 ἕκαστον
1132 4997 1299 5066 μέρος
1337 4995 1440 5065 τῆς
1469 4992 1693 5063 ἡλικίας
1732 5009 1945 5064 παρερ-

363 5096 597 5168 χώμεθα
632 5096 773 5165 μετὰ
799 5093 1100 5161 ναυαγίων,
1129 5089 1248 5152 πῶς
1296 5087 1608 5158 ἁρκέσομεν
1638 5087 1703 5157 τῇ
1740 5085 1946 5156 παρού-

366 5207 438 5261 σῃ
471 5189 584 5259 ζωῇ
614 5206 628 5255 ;
659 5186 775 5249 πῶς
800 5184 901 5257 τὴν
934 5182 1237 5254 μέλλουσαν
1262 5177 1661 5249 διαφευξόμεθα
1678 5176 1901 5231 κόλασιν
1927 5192 1942 5242 ;

365 5285 496 5339 ὅταν
525 5281 635 5351 γὰρ
669 5280 728 5332 ἐν
768 5277 868 5347 μὲν
905 5277 972 5346 τῇ
1004 5273 1202 5346 πρώτῃ
1235 5273 1423 5344 ἡλικία
1457 5270 1624 5341 μηδὲν
1663 5267 1945 5338 μανθάνω-

370 5392 473 5441 μεν
514 5371 693 5440 ὑγιές,
724 5371 783 5425 ἐν
819 5369 876 5423 δέ
899 5371 964 5439 τῇ
995 5366 1211 5435 νεότητι
1247 5363 1323 5435 μὴ
1354 5362 1823 5433 σωφρονήσωμεν,
1849 5360 1946 5413 καὶ

369 5466 565 5534 ἄνδρες
616 5463 905 5532 γενόμενοι
955 5457 1323 5529 φιλαργυρίας
1383 5455 1460 5527 μὴ
1505 5452 1946 5525 περιγενώμεθα,

365 5558 488 5612 τότε
521 5556 709 5624 ὥσπερ
744 5555 822 5617 εἷς
845 5571 966 5607 τινα
993 5551 1216 5606 ἀντλίαν
1243 5550 1302 5604 τὸ
1333 5553 1508 5621 γῆρας
1544 5548 1812 5612 ἐλθόντες,
1851 5546 1947 5599 καὶ

369 5649 575 5710 πάσαις
608 5650 729 5711 ταῖς
751 5644 957 5714 πάγαις
1000 5644 1227 5707 ταύταις
1255 5643 1316 5696 τὸ
1367 5642 1573 5709 σκάφος
1625 5639 1726 5710 τῆς
1766 5639 1947 5708 ψυχῆς

373 5738 767 5809 ἀσθενέστερον
793 5735 1337 5801 κατασκευάσαντες,
1388 5731 1501 5784 τῶν
1550 5730 1781 5783 σανίδων
1832 5730 1949 5783 διαί

371 5830 707 5899 λελυμένων,
739 5829 1123 5899 ἁπαντήσομεν
1182 5827 1260 5889 εἰς
1316 5826 1523 5879 ἐκεῖνον
1570 5823 1659 5876 τὸν
1724 5821 1942 5892 λιμένα,

2062 5016 2068 5022 -
2122 4989 2211 5046 14.
2244 4988 2298 5045 Si
2326 5002 2457 5060 ergo
2489 4987 2733 5057 singulas
2751 4984 2929 5041 anatis
2953 4994 3139 5055 partes
3166 4984 3314 5038 inter
3340 4979 3623 5050 naufragia

2049 5082 2438 5153 transigemus,
2474 5078 2608 5149 quid
2652 5088 2853 5134 nostra
2889 5076 3145 5148 praesenti
3179 5075 3306 5129 vitae
3339 5072 3627 5140 ﬁet?quo-

2050 5171 2214 5227 modo
2247 5172 2485 5226 futuram
2526 5169 2821 5224 vitabimus
2846 5165 3099 5237 plenam?
3120 5165 3254 5219 Nam
3290 5162 3337 5216 si
3366 5162 3420 5215 in
3450 5160 3625 5230 prima

2048 5275 2208 5322 aetate
2263 5265 2401 5320 nihil
2452 5278 2646 5319 sanum
2691 5262 3090 5324 didicerimus,
3140 5259 3197 5311 in
3252 5254 3622 5311 adolescentia

2050 5366 2418 5427 temperantes
2463 5371 2573 5410 non
2610 5354 2901 5418 fuerimus,
2954 5352 3010 5404 in
3046 5347 3306 5403 virilitate
3336 5345 3620 5400 avaritiam

2050 5464 2159 5503 non
2192 5445 2673 5517 superaverimus;
2711 5451 2843 5498 tunc
2875 5441 2943 5496 ad
2988 5445 3332 5496 senectutem
3360 5435 3525 5490 veluti
3554 5433 3622 5487 ad

2049 5540 2342 5612 quamdam
2372 5540 2643 5594 sentinam
2671 5533 2939 5608 provecti,
2966 5542 3256 5603 postquam
3292 5529 3380 5584 his
3409 5525 3624 5583 cunctis

2049 5631 2460 5705 impedimentis
2506 5632 2764 5701 scapham
2803 5625 2997 5682 anima:
3035 5622 3394 5678 inlirmiorem
3428 5619 3634 5674 elIece-r

2050 5727 2243 5792 rimus,
2275 5723 2478 5779 tabulis
2519 5720 2942 5783 dissilicntibus,
2979 5718 3037 5774 in
3091 5716 3244 5771 illum
3281 5713 3501 5784 pertum
3530 5726 3631 5765 ve-

2052 5816 2288 5883 niemus,
2337 5813 2551 5891 multis.
2587 5811 2800 5870 onerati
2859 5806 3169 5885 quisquiliis
3228 5819 3328 5876 pro
3389 5799 3630 5885 spiritali
