4074 6472
536 333 637 396 991

1650 330 2055 397 THEODORI
2102 328 2681 394 ΜΕΙᾸΤΕΝῘΟΤΈ.

3691 336 3791 401 992

533 450 859 522 principalis
889 462 995 520 est,
1052 462 1307 509 accurata
1381 451 1744 525 diligentique
1817 444 2189 519 applicatione
2233 445 2668 502 theorematibus
2728 445 3046 502 coelestibus
3098 446 3497 516 perfectissime
3530 453 3797 522 perceptis

534 546 804 601 universa:
842 550 1198 604 astronomia:
1230 549 1484 619 peritiam
1520 550 1834 621 acquisivit.

606 639 692 693 IV.
724 639 836 695 Hoc
856 642 1021 695 etiam
1050 643 1272 709 addere,
1304 644 1469 714 idque
1495 656 1826 716 opportune,
1855 657 2100 713 possum.

2279 634 2352 689 A'.
2399 635 2552 703 Ἐχω
2602 634 2698 687 καὶ
2746 634 2864 688 τόδε
2926 636 3282 708 προσθεῖναι,
3332 638 3428 690 καὶ
3482 638 3648 703 ὅντως
3699 640 3787 694 ἐπὶ

536 731 787 786 Salvator
809 730 1031 803 quidem
1079 747 1332 791 naturam
1361 747 1606 791 nostram
1643 745 1869 807 propter
1902 753 2003 793 nos
2028 738 2111 793 in-

533 823 653 877 dttit
681 825 948 889 ;intinitis
973 843 1107 880 vero
1131 828 1297 882 editis
1333 829 1632 896 miraculis,
1654 828 1971 886 Judmorum
2004 831 2110 901 ipsi

533 914 902 970 insidiantium
944 918 1146 973 malitia
1180 929 1237 973 et
1267 921 1469 975 invidia
1502 922 1720 977 tandem
1753 925 2113 992 comprobem

533 1022 627 1059 sus
657 1007 710 1061 in
738 1024 958 1063 crucem
993 1011 1189 1066 volsus
1219 1023 1528 1084 sponteque
1559 1031 1657 1069 sua
1709 1017 1913 1087 agitur,
1942 1023 2000 1070 et
2055 1015 2112 1071 in

533 1113 696 1152 carne
725 1101 947 1168 patitur.
982 1103 1187 1159 Praeter
1208 1114 1406 1159 caetera
1440 1116 1645 1170 autem,
1676 1123 1797 1177 quae
1825 1109 2115 1178 inopinato

532 1190 866 1260 insolitoque
894 1210 1045 1249 more
1095 1201 1465 1267 contigerunt,
1501 1199 1755 1254 tenebras
1788 1201 1888 1255 soli
1923 1217 2117 1271 supcr-

532 1282 710 1347 fundi,
747 1286 815 1338 iis
845 1286 1012 1340 etiam
1040 1289 1134 1357 qui
1170 1304 1358 1343 rerum
1395 1290 1702 1345 cmlestium
1742 1293 1990 1363 apprime
2016 1309 2115 1363 pe-

531 1374 624 1429 riti
675 1389 857 1440 erant,
891 1379 1356 1446 discernentibus,
1387 1383 1625 1449 accidit;
1664 1384 1808 1453 quod
1864 1387 2116 1440 omnium

532 1467 767 1522 maxime
798 1470 864 1524 ad
897 1471 1073 1536 illum,
1099 1475 1193 1543 qui
1219 1474 1273 1528 in
1300 1474 1447 1545 ligno
1477 1478 1956 1533 condemnationis
1984 1478 2115 1535 sub-

532 1561 679 1616 latus
716 1571 859 1630 erat,
898 1566 1365 1636 cognoscendum,
1400 1571 1547 1639 quod
1595 1570 1741 1627 Deus
1774 1571 1893 1641 ipse
1941 1580 2113 1638 esset,

437 1681 442 1687 -
534 1669 727 1708 causas
765 1657 1017 1725 prmbuit.
1065 1658 1210 1715 Solis
1262 1661 1431 1728 enim,
1467 1663 1562 1732 qui
1620 1663 1731 1719 diei
1782 1665 1979 1721 oculus
2033 1677 2120 1723 est

534 1746 1036 1815 splendidissimus,
1099 1753 1347 1823 eclipsim
1385 1769 1481 1824 per
1518 1756 1663 1810 lunae
1722 1756 1776 1810 in
1839 1757 2120 1826 synodicis

534 1838 1017 1907 coniunctionibus
1056 1841 1707 1916 interpositionemjuxta
1728 1855 1944 1902 naturae
1972 1849 2120 1918 leges

534 1927 755 1993 factam,
786 1938 840 1983 at
869 1930 989 1986 sine
1025 1947 1177 1987 mora
1213 1935 1268 1988 in
1335 1935 1581 1990 tenebris
1614 1950 1853 2006 semper,
1891 1952 2120 1994 cernere

535 2020 867 2091 quandoque
905 2025 1101 2091 datur;
1129 2040 1251 2095 qua:
1287 2027 1514 2097 insuper
1547 2027 1702 2097 prior
1734 2030 1922 2084 deﬁcit
1954 2046 2077 2099 pars
2098 2069 2114 2095 .

538 2116 712 2179 prima
747 2128 967 2184 quoque
999 2116 1191 2172 lumini
1228 2119 1571 2186 restituitur;
1593 2120 1967 2192 vicissimque,
1997 2138 2122 2194 qua:

537 2205 732 2258 ultimo
763 2205 1097 2263 obscuratur
1131 2211 1277 2272 loco.
1312 2221 1588 2280 postrema
1638 2214 1804 2268 etiam
1836 2216 2069 2285 emergit
2102 2233 2117 2271 :

537 2308 703 2365 atque
728 2297 893 2352 etiam
924 2300 1161 2355 diversis
1185 2301 1240 2356 in
1275 2310 1439 2358 terra:
1463 2303 1799 2371 climatibtts,
1823 2306 1949 2361 aliis
1970 2307 2122 2362 aliis-

536 2401 646 2455 que
676 2387 993 2445 hominibus
1025 2392 1176 2445 varia
1200 2402 1256 2447 et
1289 2392 1545 2463 inaequali
1578 2395 1956 2465 magnitudine
1978 2398 2120 2453 ecli—

538 2483 654 2548 p‘is
720 2491 964 2550 apparet.
1004 2483 1135 2550 Qua:
1183 2500 1316 2540 vero
1381 2487 1484 2543 sub
1536 2488 1806 2557 passionis
1859 2498 2120 2560 tempus,

540 2571 764 2639 quando
798 2572 973 2643 legale
1023 2574 1231 2630 Pascha
1282 2577 1649 2642 mactabatur,
1702 2579 1756 2633 itt
1817 2581 2121 2649 plenilunio

538 2661 670 2715 luna
696 2663 795 2717 soli
828 2679 893 2718 ex
918 2663 1186 2720 diametro
1212 2668 1486 2736 opposita,
1507 2678 1559 2721 et
1591 2670 1743 2723 illinc
1766 2668 1831 2722 ad
1855 2672 2122 2742 conjunc-

543 2752 750 2806 tionem
814 2753 1158 2809 incessanter
1213 2768 1494 2823 currente,
1557 2759 1770 2827 incidit,
1825 2763 2116 2834 conjuncta

538 2845 803 2900 miraculo
831 2846 932 2901 fuit
965 2848 1102 2902 visa.
1141 2848 1353 2904 Statum
1402 2867 1592 2907 rursus
1630 2855 1722 2923 qui
1761 2856 1812 2909 in
1851 2856 2119 2925 principio

536 2941 660 3002 fuit,
703 2940 819 2995 haec
870 2942 1092 3011 eclipsis
1146 2944 1475 3000 mirabiliter
1532 2947 1782 3011 retinuit,
1828 2949 1900 3002 ita
1958 2958 2019 3003 ut
2050 2952 2120 3004 ab

539 3031 696 3085 initio
732 3043 787 3086 et
833 3043 954 3102 post
987 3035 1189 3090 solidas
1228 3053 1325 3106 per
1358 3048 1466 3092 tres
1512 3039 1677 3095 horas
1734 3040 2002 3096 deficiens
2065 3053 2121 3097 et

537 3125 872 3180 obscuralus
905 3136 1053 3182 totus
1078 3129 1158 3184 sol
1193 3131 1581 3199 permanserit.
1614 3132 1898 3188 Tenebras
1928 3149 2116 3204 porro,

537 3233 661 3286 quae
687 3228 960 3275 terrarum
993 3223 1183 3277 orbem
1236 3224 1304 3278 ab
1352 3224 1568 3287 oriente
1597 3228 1661 3280 ad
1701 3241 1957 3282 occasum
1987 3244 2117 3298 pro-

2214 728 2427 799 καιρόν.
2460 727 2809 783 Πολιτεύεται
2852 729 2954 799 μὲν
3000 731 3110 801 γάρ
3150 735 3211 801 τῇ
3263 732 3383 786 καθ’
3437 735 3584 803 ἡμᾶς
3632 734 3787 802 φύσε·

2212 821 2282 873 δι’
2313 821 2454 890 ἡμᾶς
2486 821 2514 872 ό
2556 821 2750 891 Σωτήρ
2771 838 2786 855 ·
2822 824 3034 892 μυρίων
3073 824 3131 877 δὲ
3163 824 3302 878 ὅσων
3331 826 3624 891 θαυμάτων
3655 843 3785 895 χρηο

2216 911 2453 981 σάμενος
2482 911 2806 977 ἐπιδείξεσι,
2839 914 2990 978 τέλος
3036 913 3131 968 τοῦ
3165 916 3273 969 τῶν
3312 916 3585 970 Ἰουδαίων
3614 917 3771 970 ὲπιθε

2219 1001 2385 1071 μένου
2419 1001 2596 1073 τούτῳ
2629 1002 2825 1071 φθόνου
2861 1007 3068 1073 κακῶς,
3102 1006 3243 1061 ἑκὼν
3291 1008 3385 1061 ἐπὶ
3424 1007 3514 1061 τὸν
3562 1010 3764 1078 σταυρδ

2216 1094 2504 1161 ἀνάγεται,
2532 1094 2630 1147 καὶ
2679 1096 2879 1166 πάσχει
2932 1098 3138 1169 σαρκί·
3172 1099 3293 1152 τότε
3339 1100 3520 1154 τοίνυν
3568 1101 3701 1169 πρός
3731 1117 3793 1168 γε

2215 1189 2329 1250 τοῖς
2385 1187 2571 1251 ἄλλοις
2628 1189 2954 1259 παραδόξως
3009 1191 3397 1261 γεγενημένοις
3457 1196 3546 1246 καὶ
3610 1194 3797 1256 σκότος

2217 1277 2369 1347 ἡλίου
2414 1280 2821 1350 καταχεόμενον
2877 1277 2946 1354 ἦν
2998 1284 3112 1346 τοῖς
3160 1284 3505 1353 ήκριΰωκόσι
3555 1286 3797 1356 ἀκριϐῶς

2216 1370 2286 1423 τὰ
2331 1371 2582 1440 οὐράνια,
2626 1374 2850 1428 πάντων
2902 1375 3143 1444 μάλιστα
3205 1368 3443 1447 παρέχόν
3501 1377 3797 1446 μανθάνειν

2220 1460 2353 1515 Θεὸν
2376 1458 2516 1516 εἶναι
2545 1464 2637 1518 τδν
2672 1463 2815 1536 ξύλῳ
2855 1469 3299 1539 μετεωρισθέντα
3331 1469 3432 1533 τῆς
3456 1469 3795 1539 καταδίκης·

2219 1555 2320 1626 τὴν
2379 1557 2480 1625 μὲν
2535 1558 2644 1629 γὰρ
2708 1559 2972 1613 ἑκάστοτε
3052 1560 3383 1630 γιγνομένην
3448 1560 3796 1631 ἓκλειπτικὴν

2221 1651 2526 1718 φαντασίαν
2554 1649 2646 1703 τοῦ
2673 1650 2774 1720 τῆς
2799 1652 3016 1722 ήμὲρας
3052 1651 3336 1721 ὀφθαλμοῦ
3385 1652 3797 1723 λαμπροτάτου,

2222 1743 2286 1795 ἐκ
2335 1742 2447 1797 τῶν
2503 1743 2635 1814 περὶ
2676 1742 2778 1813 τὴν
2822 1739 3107 1814 πνοδικὴν
3146 1743 3412 1810 συζυγίαν
3444 1744 3540 1812 τῆς
3568 1742 3801 1814 σελήνης

2224 1831 2680 1904 ὲπιπροσθήσεων
2717 1834 2868 1888 ἔστιν
2910 1836 3041 1906 όρᾷν
3078 1833 3156 1903 τῷ
3193 1834 3293 1905 τῆς
3345 1834 3558 1905 φύσεως
3596 1838 3799 1889 ἀποτε-

2222 1928 2495 1998 λουμένην
2526 1929 2661 1998 ὅρῳ.
2689 1929 2789 1981 καὶ
2829 1930 3001 1999 μόνης
3033 1945 3203 1998 κεκτη
3216 1929 3384 1999 μένην
3435 1928 3624 1999 χρόνον
3651 1928 3801 1981 οὐδέ-

2224 2037 2379 2074 ποτε.
2408 2019 2532 2072 Ἔτι
2571 2035 2635 2087 γε
2671 2020 2779 2090 μὴν
2816 2019 2910 2072 καὶ
2959 2021 3021 2072 τὸ
3066 2020 3287 2091 πρῶτον
3321 2020 3570 2074 ἐκλεῖπον
3607 2023 3798 2092 μέρος,

2221 2110 2367 2167 τοῦτ’
2410 2111 2545 2165 αὐτὸ
2598 2112 2691 2164 καὶ
2747 2109 2978 2179 πρώτως
3024 2110 3548 2182 ἀναπληρούμενον,
3609 2115 3800 2181 ὥσπερ

2223 2206 2355 2260 αὐτὸ
2408 2202 2736 2267 τελευταίως
2775 2203 3263 2273 ἐπισκοτούμενον,
3298 2205 3800 2276 ἀνακαθαιρόμενον

2224 2296 2494 2351 ὕστατον·
2532 2297 2671 2352 άλλὰ
2722 2297 2820 2353 καὶ
2872 2296 3053 2352 ἄλλοτ’
3107 2298 3288 2360 ἄλλοις
3344 2298 3654 2368 ἀνθρώποις
3703 2300 3800 2352 ἐπὶ

2220 2388 2498 2459 διαφόρων
2537 2390 2720 2462 μερῶν
2753 2389 3167 2461 φανταζόμενον
3196 2392 3296 2461 τῆς
3334 2392 3456 2461 γῆς.
3488 2391 3598 2459 Τὴν
3638 2391 3695 2443 δὲ
3742 2393 3800 2444 ἐν

2222 2480 2301 2550 τῷ
2334 2481 2588 2551 Σωτῆρος
2642 2479 2805 2535 πάθει
2846 2480 3244 2552 γεγενημένην,
3278 2482 3335 2534 ἓν
3380 2498 3442 2534 τε
3478 2481 3805 2551 πανσελήνῳ

2223 2572 2481 2641 τηνικάδε
2516 2572 2749 2642 νομικοῦ
2801 2573 3069 2642 θυομένου
3120 2574 3311 2643 φάσκα
3346 2573 3444 2643 (4),
3476 2572 3803 2641 τελεσθῆναι

2225 2664 2322 2718 σὺν
2368 2663 2609 2735 θαύματι
2670 2667 2770 2735 τῆς
2832 2665 3063 2736 σελήνης
3128 2662 3298 2734 οῠσης
3349 2668 3414 2719 ὲκ
3478 2665 3799 2735 διαμέτρου,

2223 2758 2479 2810 κάκεῖθεν
2533 2759 2857 2829 δραμούσης
2906 2760 3151 2829 ἀχρόνως
3204 2760 3340 2827 πρδς
3387 2757 3638 2811 σύνοδον·
3701 2758 3803 2810 καὶ

2224 2849 2382 2914 αὖθις
2414 2850 2481 2903 αὖ
2512 2851 2613 2920 τῆς
2644 2852 2920 2923 προτέρας
2951 2851 3222 2922 τυχούσης
3256 2853 3502 2914 ὲκτίπως
3531 2851 3799 2914 στάσεως,

2224 2944 2471 3008 καὶτοῖς
2525 2942 2673 3001 ὅλοις
2729 2944 2821 2996 ἐπὶ
2872 2944 3051 3014 τρισὶν
3100 2943 3251 3005 ὅλαις
3300 2941 3472 3011 ὥραις
3514 2940 3652 2993 οὕτω
3681 2940 3804 2993 δια-

2227 3040 2409 3107 μεῖναι
2449 3038 2589 3106 μετὰ
2639 3037 2731 3089 τον
2780 3037 2875 3089 τοῦ
2917 3036 3135 3107 πρώτου
3189 3035 3535 3097 ἐκλείποντος
3581 3035 3802 3104 χρόνον,

2222 3132 2316 3186 τοῦ
2340 3130 2387 3186 δ’
2417 3128 2484 3186 αὖ
2530 3131 2758 3202 ὕστερον
2788 3130 3010 3201 πρώτου
3033 3145 3049 3161 °
3091 3129 3228 3198 πρὸς
3274 3128 3330 3182 δὲ
3372 3128 3467 3182 καὶ
3494 3127 3657 3197 ζόφον
3688 3128 3804 3181 πά-

2225 3242 2324 3278 σαν
2349 3224 2488 3279 κατὰ
2520 3224 2718 3277 ταυτὸν
2752 3223 2851 3295 τὴν
2882 3223 2973 3292 ὑφ’
3005 3225 3154 3293 ἡλίου
3182 3224 3502 3293 άνισχοντος
3533 3219 3660 3290 ἄχρι
3708 3220 3808 3273 καὶ

540 3321 757 3367 tensum
794 3321 1132 3381 terruerunt,
1153 3331 1383 3385 qumque
1403 3317 1600 3371 virium
1619 3333 1683 3373 ac
1708 3319 1964 3387 potentias
1991 3336 2120 3376 cru-

2226 3319 2484 3389 δυομένου
2542 3319 2801 3387 μεγάλως
2865 3319 3280 3388 ἐκπλήττοντα,
3336 3314 3431 3370 καὶ
3494 3315 3556 3368 τὸ
3615 3312 3809 3382 περιὸν

538 3403 688 3457 ciﬁxi
719 3405 1155 3473 magnitudinem
1187 3407 1499 3472 ostendere,
1565 3410 1714 3464 Solus
1769 3411 2119 3468 inconsuetas

542 3496 711 3549 fuisse
750 3497 990 3563 noverit,
1019 3499 1112 3568 qui
1141 3498 1207 3553 ad
1247 3503 1595 3556 astronomiae
1632 3504 1857 3559 intimos
1896 3508 2124 3576 penitis—

540 3587 822 3657 simosque
846 3604 1096 3644 recessus
1115 3593 1440 3660 penetrarit.
1474 3595 1551 3648 Ex
1586 3596 1810 3664 quibus,
1841 3598 1947 3653 nisi
1982 3598 2112 3655 data

542 3695 707 3747 opera
739 3680 1010 3751 malignus
1038 3697 1161 3738 esse
1191 3682 1314 3754 quis
1349 3686 1501 3752 velit,
1535 3689 1844 3743 coalestium
1877 3703 2127 3745 contem-

544 3776 784 3845 platione
817 3779 1139 3848 scietttiﬁca,
1166 3796 1287 3851 quae
1324 3797 1432 3836 nou
1473 3784 1749 3839 hominem
1788 3785 2122 3855 simplicem,

544 3871 639 3923 sed
681 3870 848 3924 Deum
896 3871 1177 3928 hominem
1215 3875 1269 3928 in
1326 3860 1475 3945 ligno
1509 3877 1839 3943 pendentem
1881 3878 2127 3933 declarat

543 3976 599 4015 et
635 3964 906 4032 prmdicit,
950 3976 1208 4036 tanquam
1243 3978 1580 4036 praeceptore
1648 3986 1780 4025 usus
1834 3970 2124 4025 veritatem

544 4059 687 4112 hinc
716 4067 862 4113 certe
880 4060 1176 4114 admodum
1206 4063 1544 4130 cognoverit.
1566 4063 1832 4118 Tenebrte
1854 4065 2127 4134 siquidem

546 4161 849 4214 nocturnas,
910 4167 1031 4222 quae
1089 4153 1397 4208 meridiano
1447 4163 1693 4224 tempore
1750 4156 2127 4227 contigerunt,

545 4244 855 4299 secundum
881 4248 1271 4302 astronomicaz
1301 4247 1440 4301 artis
1463 4247 1716 4318 dogmata
1745 4260 1955 4304 natura:
1980 4250 2131 4320 leges

546 4357 658 4394 nott
692 4350 917 4405 secutae,
953 4341 1049 4396 sed
1082 4342 1310 4412 iubente
1349 4357 1414 4397 ac
1444 4341 1802 4412 praecipiente
1851 4342 1961 4398 Deo
2001 4353 2131 4399 sunt

540 4444 864 4504 portentose
905 4436 1135 4491 obortae.

615 4528 682 4584 ν.
717 4528 1002 4597 Tanquam
1036 4543 1168 4597 ergo
1205 4544 1320 4582 rem
1353 4527 1593 4597 aliquam
1645 4542 1836 4583 revera
1895 4528 2137 4585 admirac

540 4621 713 4675 diilem
745 4635 810 4687 ac
844 4619 1296 4689 pulcherrimam,
1328 4634 1451 4687 quae
1485 4617 1630 4671 inter
1675 4619 1924 4674 homines
1953 4621 2132 4675 scien-

2221 3409 2510 3464 δεικνύντα
2565 3412 2664 3477 τῆς
2711 3409 2806 3463 τοῦ
2863 3410 3270 3479 σταυρωθέντος
3326 3408 3527 3476 Eax-39;,
3556 3405 3715 3476 μόνος
3742 3403 3811 3459 ἂν

2224 3503 2394 3574 εἰδείη
2444 3502 2631 3572 σαφῶς
2679 3503 2706 3555 ὅ
2743 3501 2794 3570 γ’
2849 3503 2928 3563 εἰς
2959 3498 3257 3571 τοῦτχατον
3289 3499 3654 3568 ἀστρονομίας
3692 3497 3807 3551 ἰών.

2228 3596 2425 3650 Ἔνθεν
2453 3614 2536 3650 τοι
2564 3595 2660 3649 καὶ
2690 3593 2846 3666 γνοίη
2873 3595 3017 3666 μάλα
3043 3594 3306 3663 ἁκριὸῶς,
3335 3596 3382 3645 εί
3410 3592 3483 3663 μὴ
3509 3592 3813 3645 συντίθοιτο
3871 3583 3889 3603 ⁸

2227 3688 2600 3749 ἐθελοκακεῖν,
2630 3687 2914 3757 χρώμενος
2965 3685 3042 3749 ὡς
3093 3685 3169 3757 (5)
3208 3686 3337 3755 περὶ
3367 3684 3693 3754 παιδοτρίϐῃ
3744 3685 3813 3754 τῇ

2226 3782 2334 3834 τῶν
2386 3781 2656 3849 οὐρανίων
2703 3781 3107 3850 ἐπιστημονικῇ
3156 3777 3381 3848 θεωρία,
3430 3776 3661 3846 τάληθὲς
3708 3776 3815 3847 ἤδη

2229 3874 2679 3945 προαγγελλούσῃ
2717 3873 2791 3942 μὴ
2817 3872 2976 3942 ψιλὸν
3003 3872 3292 3939 ἄνθρωπον
3340 3866 3504 3931 εἶναι,
3529 3866 3816 3939 θεάνθρω-

2230 3985 2332 4019 πον
2393 3968 2449 4019 δὲ
2515 3968 2608 4019 ἐπὶ
2673 3966 2835 4033 ξύλον
2914 3964 3311 4035 κρεμάμενον·
3378 3964 3426 4014 εἰ
3480 3961 3545 4031 δὴ
3603 3960 3698 4013 καὶ
3758 3959 3819 4011 τὸ

2229 4060 2547 4130 νυκτερινὸν
2585 4059 2707 4111 τότε
2742 4058 2932 4121 σκότος
2969 4060 3027 4109 ὲν
3073 4054 3418 4125 μεσημϐρία,
3453 4054 3529 4123 μὴ
3571 4052 3816 4121 συμϐὰν,

2231 4145 2373 4224 ᾗπερ
2425 4152 2577 4205 δοκεί
2614 4154 2679 4221 τῇ
2732 4152 2920 4223 τέχνῃ,
2972 4149 3185 4217 φύσεως
3234 4146 3447 4208 πάντως
3499 4141 3818 4215 ἀκολουθίᾳ,

2232 4243 2368 4296 Θεοῦ
2396 4243 2453 4296 δὲ
2483 4242 2807 4314 θαυμασίως
2840 4241 3248 4312 προστάγματι.

2311 4512 2384 4568 Ε’.
2406 4513 2571 4567 Ὥστε
2596 4511 2775 4578 ἔξεστι
2806 4508 2911 4582 μὴν
2938 4509 3107 4573 ὅντως
3130 4509 3205 4572 ὡς
3237 4508 3525 4562 θεσπέσιόν
3550 4525 3602 4559 τι
3625 4505 3827 4576 χρῆμα

2236 4608 2333 4662 καὶ
2371 4607 2682 4669 κάλλιστον,
2720 4604 2818 4674 τὴν
2868 4606 2925 4655 ὲν
2969 4600 3284 4672 ἀνθρώποις
3334 4600 3676 4670 τιμιωτάτην
3729 4600 3830 4652 καὶ

551 4714 764 4782 tiasque
798 4722 1023 4766 caeteras
1050 4711 1228 4765 locum
1256 4710 1490 4763 maxime
1513 4710 1805 4765 sublimem
1837 4718 1894 4766 et
1923 4712 2123 4769 divinis

2238 4702 2526 4770 θειοτάτην
2571 4696 2671 4766 τῆς
2721 4695 2916 4765 λοιπῆς
2962 4694 3197 4762 θεωρίας
3245 4691 3479 4763 ἔχουσαν
3511 4693 3685 4759 τάξιν,
3726 4693 3833 4761 τὴν

551 4807 862 4875 proximum
891 4811 1146 4873 occupat,
1174 4805 1564 4859 astronomiam
1590 4818 1757 4874 supra
1785 4804 2015 4861 modum
2040 4822 2133 4863 ve-

550 4897 876 4961 nerandam,
907 4897 1087 4966 adque
1117 4896 1404 4966 superiora
1435 4897 1793 4952 scandentem
1825 4899 2128 4969 appellare,

550 4993 685 5059 quin
722 4990 888 5043 etiam
949 4988 1216 5059 praaconis
1256 4989 1402 5044 vices
1466 4988 1733 5045 adorandi
1774 4989 2069 5045 obeuntem
2102 5006 2132 5044 a

555 5084 665 5138 Deo
703 5081 770 5136 ad
832 5097 935 5137 nos
967 5080 1266 5152 profectam
1300 5082 1484 5137 dicere
1511 5096 1829 5152 possumus.
1879 5083 2138 5137 omnibus

553 5190 704 5233 recte
737 5178 1223 5233 considerantibus
1246 5178 1391 5248 quod
1451 5186 1672 5247 oportet
1710 5185 2138 5244 monstrantem,

554 5286 619 5325 ac
649 5271 797 5326 clare
826 5271 1275 5335 annuntiantem,
1333 5270 1514 5341 ipsum
1555 5283 1660 5339 pro
1687 5267 2009 5323 hominibus
2040 5267 2140 5321 ho-

555 5364 760 5418 minem
792 5362 1018 5431 factum,
1050 5364 1335 5434 Deumque
1376 5376 1568 5418 rursus
1593 5370 1903 5416 manentem
1957 5361 2141 5415 carnis

550 5460 723 5513 etiam
747 5460 1128 5528 assumptione
1165 5472 1380 5512 omnem
1409 5456 1464 5510 in
1488 5470 1650 5511 cruce
1683 5461 1937 5508 naturam
1976 5468 2141 5508 reno-

553 5566 711 5606 'varc.
737 5550 1144 5607 Astronomiam
1181 5550 1466 5605 enimvero
1498 5555 1657 5602 vetus
1684 5559 1928 5614 veraque
1952 5560 2141 5599 narra-

551 5645 638 5700 aio
666 5654 774 5709 est,
803 5660 832 5698 a
868 5645 979 5699 Deo
1013 5659 1112 5714 per
1146 5643 1404 5711 angelum
1436 5639 1590 5697 Sethi
1620 5637 1858 5708 posteris
1886 5638 2138 5694 traditam

546 5747 703 5795 «esse,
740 5734 885 5805 quod
914 5750 1012 5804 pro
1044 5742 1327 5803 comperto
1348 5732 1569 5802 quidem
1598 5729 1888 5785 habeatur.

628 5853 713 5924 (te)
748 5853 958 5924 Πάσχα.

2240 4792 2587 4863 ὑπέρσεμνον
2610 4789 2998 4861 ἀστρονομίαν,
3022 4789 3116 4842 καὶ
3138 4786 3251 4842 ἄνω
3286 4787 3576 4856 βαίνουσαν
3600 4802 3832 4853 προσει⁹

2240 4888 2395 4950 πεῖν,
2460 4884 2597 4938 ἀλλὰ
2658 4885 2754 4937 καὶ
2809 4883 3013 4953 τρόπον
3067 4883 3310 4951 κήρυκος
3370 4879 3832 4946 σεὸασμιωτάτου

2242 4977 2370 5049 παρ’
2415 4977 2563 5049 ἡμᾶς
2615 4976 2773 5047 ἥκειν
2806 4975 2944 5043 πρὶς
2992 4972 3085 5026 τοῦ
3139 4970 3298 5027 Θεοῦ,
3335 4972 3468 5024 πᾶσι
3524 4970 3831 5023 δεικνῦσαν

2246 5072 2358 5134 τοῖς
2402 5070 2583 5132 καλῶς
2632 5067 2900 5138 ξυνορῶσι
2938 5068 2999 5118 τὸ
3031 5065 3169 5131 δέον,
3206 5065 3301 5118 καὶ
3348 5062 3614 5133 λαμπρῶς
3647 5064 3840 5129 ἀπαγ-

2246 5162 2544 5231 γέλλουσαν
2572 5161 2713 5229 ὑπὲρ
2739 5161 3044 5229 ἀνθρώπων
3083 5157 3249 5211 αὐτὸν
3296 5156 3586 5226 γενόμενον
3612 5155 3835 5225 ἄνθρω-

2243 5272 2345 5310 πον
2389 5255 2524 5308 Θεὸν
2568 5254 2725 5318 αὖθις
2758 5254 3013 5324 μένοντα,
3042 5251 3136 5304 καὶ
3177 5248 3255 5319 τῷ
3281 5252 3381 5318 τῆς
3424 5247 3624 5319 σαρκὸς
3653 5264 3836 5318 προσ-

2245 5351 2496 5422 λήμματι
2540 5351 2726 5403 πᾶσαν
2771 5348 2863 5401 ἐπὶ
2906 5343 3141 5416 σταυροῦ
3171 5343 3270 5414 τὴν
3300 5341 3461 5411 φύσιν
3494 5339 3836 5409 ἀνανεούμε-

2247 5461 2358 5499 νον.
2401 5443 2799 5514 ’Δστρονομίαν
2850 5441 2945 5495 καὶ
2996 5439 3107 5510 γὰρ
3146 5437 3278 5508 πρὸς
3311 5436 3446 5489 Θεοῦ
3474 5435 3540 5488 δι’
3582 5433 3833 5502 ἀγγέλου

2251 5537 2483 5599 παλαιὸς
2519 5535 2677 5604 λόγος
2705 5534 2800 5589 καὶ
2826 5532 3040 5603 άληθῶς
3067 5531 3206 5602 ἔχων
3230 5528 3477 5585 δεδόσθαι
3500 5528 3612 5591 τοῖς
3638 5527 3708 5579 ἐκ
3732 5523 3838 5581 τοῦ

2250 5630 2382 5699 Σήθ·
2423 5629 2509 5701 εἴη
2542 5629 2629 5698 δή.

2310 5837 2397 5911 (εδ)
2443 5836 2722 5908 Ὠσπερεῇ
