4074 6470
527 322 564 381 9
575 321 640 379 T15

1675 318 2081 378 THEODORI
2132 321 2678 385 ΜΕΙᾸΤΕἫΟΤΕ

3608 393 3616 401 ,
3692 330 3786 393 (Ὃς

521 436 789 497 biberem,
840 429 1037 486 calculi
1069 427 1392 482 absolvendi
1427 429 1684 499 isagogen
1740 432 2104 500 praemittere,

2212 439 2561 505 κεφαλαίοις,
2623 441 2982 510 danae-popqu
3032 443 3342 515 εἰσαγωγὴν
3410 449 3787 515 προεκθέσθαι,

520 537 576 580 et
603 523 997 594 compendiose
1023 522 1305 576 declarare
1332 521 1578 586 decrevi,
1613 537 1736 592 quze
1766 523 1834 578 ad
1871 539 1935 577 ea
1973 539 2109 593 quae

520 617 766 672 secundo
801 629 866 668 ac
917 613 1079 668 tertio
1138 612 1282 667 libro
1309 614 1693 676 continentur,
1754 615 2111 685 percipienda

522 708 682 761 valde
713 705 1004 759 conducat.
1035 702 1155 771 Quo
1181 704 1248 758 de
1271 705 1481 758 calculo
1503 705 1559 758 in
1587 704 1969 762 diﬁ‘usioribus
1996 723 2115 762 am-

527 795 914 864 plioribusque
961 793 1376 847 commentariis
1426 793 1793 864 philosophus
1824 795 2110 868 Syrianus,

529 887 700 940 leon
751 884 1066 955 etPappus,
1125 893 1179 938 et.
1227 884 1460 939 Joannes
1512 884 1932 954 Grammaticus,
1979 891 2114 944 civis

528 975 951 1040 Alexandrinus,
980 984 1325 1041 tractarunt;
1357 976 1448 1030 cui
1509 977 1704 1033 calculi
1761 980 2112 1036 subducendi

529 1069 790 1123 methodo
831 1085 859 1121 a
885 1068 1046 1122 nobis
1078 1077 1293 1136 reperta
1341 1068 1593 1135 quaedam
1625 1071 1838 1138 adjecta
1872 1083 2018 1126 sunt.
2053 1074 2113 1128 In

525 1163 754 1214 secundo
783 1176 918 1215 vero
953 1160 1082 1213 libro
1109 1161 1307 1215 calculi
1352 1162 1404 1214 in
1445 1161 1684 1230 planetis
1708 1179 1771 1218 ac
1805 1163 1924 1218 fixis
1953 1165 2113 1219 insti-

532 1251 716 1304 tuendi
750 1265 958 1319 magnae
991 1251 1424 1306 constructionis
1458 1253 1683 1307 modum
1720 1254 1955 1324 planiori
2000 1271 2115 1310 me-

531 1343 700 1399 tbodo
751 1353 988 1398 tractare
1038 1345 1418 1415 exemplisque
1471 1344 1777 1401 faciliorem
1835 1347 2113 1413 reddere;

529 1435 802 1502 simulque
826 1434 1150 1488 numerandi
1183 1435 1423 1490 rationes
1460 1436 1513 1490 in
1548 1437 1857 1493 canonibus
1883 1455 2117 1494 manua-

531 1526 676 1579 libus
715 1525 994 1580 exhibitas
1016 1541 1112 1594 per
1149 1528 1535 1597 exemplorum
1566 1529 1791 1584 modum
1829 1530 1886 1585 in
1923 1546 1991 1586 eo
2023 1533 2119 1588 de-

531 1617 804 1680 scribere,
831 1617 1236 1687 amborumque
1261 1618 1317 1672 in
1351 1621 1613 1676 omnibus
1645 1637 1978 1677 consensum
2031 1639 2119 1678 os-

533 1706 756 1761 tendere
818 1709 1009 1763 statui.
1063 1707 1237 1779 ilujus
1265 1725 1401 1765 vero
1429 1721 1635 1767 nostrae
1681 1716 2118 1770 constructionis

2216 533 2310 584 καὶ
2344 533 2837 600 ὑποτυπὼσασθαι,
2871 538 3006 606 πρός
3035 555 3093 590 τε
3136 539 3235 607 τὴν
3269 541 3533 610 δευτέραν
3574 543 3665 596 καὶ
3697 545 3793 612 την

2215 627 2411 696 τρίτην
2465 629 2612 694 μάλα
2647 633 3031 683 συντείνουσαν
3057 648 3071 664 ο
3105 628 3174 704 ἦς
3211 634 3343 703 πέρι
3410 634 3634 687 πλεῖστα
3669 654 3794 704 συγ-

2216 729 2520 798 γράμματα
2557 728 3000 800 διεξοδικώτερον
3046 730 3336 802 εἴργασται
3391 729 3468 799 τῷ
3516 731 3789 802 φιλοσόφῳ

2215 825 2488 894 Συριανῷ,
2517 824 2694 877 Θέωνί
2729 841 2786 877 τε
2823 822 2918 876 καλ
2950 824 3170 894 Πάππῳ
3216 827 3328 886 τοῖς
3364 823 3789 893 μαθηματικοῖς,

2217 920 2309 973 καὶ
2346 918 2562 989 Ἰωάννῃ
2610 917 2990 988 Γραμματικῷ
3028 917 3107 987 τῷ
3152 917 3253 986 τῆς
3295 917 3652 987 Ἀλεξάνδρου
3702 935 3793 970 πο-

2217 1013 2368 1082 λίτῃ·
2407 1012 2605 1066 ἔστιδὲ
2633 1013 2668 1067 ἃ
2699 1010 2905 1078 ταύτης
2940 1010 3034 1063 καὶ
3064 1010 3196 1080 παρ’
3224 1011 3385 1082 ἡμῶν
3428 1014 3793 1082 προσεξεύρη-

2218 1141 2326 1174 ται.
2356 1119 2512 1172 Κατά
2554 1117 2738 1184 δὲτὴν
2774 1108 3036 1186 δευτέραν
3082 1115 3183 1176 τὰς
3232 1119 3332 1186 τῆς
3381 1116 3626 1184 μεγάλης
3671 1133 3794 1166 συν-

2217 1217 2429 1281 τάξεως
2456 1213 2808 1283 ψηφοφορίας
2845 1213 2954 1266 τῶν
2990 1229 3048 1263 τε
3095 1213 3466 1280 πλανωμένων
3501 1233 3534 1266 κ
3572 1215 3594 1265 ὶ
3625 1213 3795 1265 ἀπλα-

2219 1312 2362 1369 νῶν,
2419 1307 2848 1378 μεθοδικώτερον
2906 1305 3196 1375 ἐφοδεῦσαι
3256 1310 3350 1362 καὶ
3407 1309 3797 1378 ὑποδείγμασιν

2218 1404 2464 1474 εὐχερεῖς
2512 1401 2876 1470 ἐργάςασθαι,
2924 1400 3349 1469 ἀναγράψασθαι
3388 1400 3504 1469 ἄμα
3555 1402 3647 1454 καὶ
3702 1402 3798 1464 τὰς

2217 1502 2327 1554 τῶν
2381 1500 2691 1569 προχείρων
2745 1499 2991 1553 κανόνων
3045 1499 3392 1569 ψηφοφορίας
3448 1499 3524 1559 ὡς
3573 1501 3631 1550 ἐν
3662 1498 3793 1549 ὑπο-

2215 1596 2494 1661 δείγμασι.
2521 1593 2612 1646 καὶ
2645 1593 2816 1656 δεῖξαι
2843 1591 3298 1662 τὴνάμφοτέρων
3341 1594 3397 1642 ὲν
3449 1592 3620 1643 ἅπασι
3653 1608 3794 1654 συμ-

2219 1687 2446 1754 φωνίαν.
2479 1683 2610 1738 Εἶτα
2660 1683 2753 1736 καὶ
2790 1682 2890 1753 τὴν
2935 1683 3126 1752 τρίτην
3177 1684 3273 1746 τὰς
3322 1682 3441 1736 τῶν
3495 1682 3800 1748 Περσικῶν

529 1800 661 1853 libro
706 1802 881 1864 tertio,
914 1800 1252 1854 Persicorum
1284 1801 1595 1858 tabularum
1626 1806 1965 1861 manualium
2013 1824 2107 1861 nu-

2221 1778 2556 1847 προχείρων
2588 1777 2832 1830 κανόνων
2866 1775 3215 1844 ψηφοφορίας
3264 1777 3628 1844 περιέχουσαν
3661 1793 3800 1841 συμ-

527 1907 712 1946 meros
744 1901 800 1947 et
833 1892 1103 1948 calculum
1139 1893 1510 1962 includemus,
1539 1910 1792 1967 opusque
1851 1909 2110 1954 nostrum

522 1984 947 2038 Astronomicum
977 1983 1262 2038 Tribiblum
1292 1987 1718 2057 appellabimus;
1745 1991 1962 2046 ceteris
1989 1994 2116 2062 qui-

525 2080 650 2133 dem
686 2080 814 2136 aliis
844 2081 1062 2136 inutilis
1095 2081 1419 2150 eritctjure
1449 2082 1734 2154 despectui
1763 2102 1992 2156 prorsus
2022 2089 2119 2144 ha-

527 2173 723 2226 benda.
760 2172 815 2226 ln
839 2173 980 2228 hanc
1012 2183 1195 2228 tamen
1231 2175 1500 2230 theoriam
1532 2181 1971 2236 commentarius
2001 2197 2110 2236 non

523 2266 699 2318 solum
733 2267 900 2320 sociis
928 2266 1258 2335 amicisque,
1300 2269 1394 2336 qui
1427 2269 1494 2322 ad
1530 2271 1888 2326 scribendum
1921 2273 2117 2328 horta-

525 2366 670 2411 tores
707 2359 1148 2428 impulsoresquo
1193 2364 1372 2424 tuere,
1405 2363 1554 2416 utilis
1592 2364 1717 2429 erit,
1751 2364 1847 2419 sed
1886 2375 1946 2420 et
1977 2365 2113 2420 mihi

520 2450 642 2518 ejus
673 2451 911 2516 auctori,
948 2450 1223 2506 Theodoro
1259 2454 1621 2521 Meliteniotw,
1655 2456 1750 2526 qni
1801 2458 2116 2513 Constanti-

525 2541 734 2609 nopoli,
788 2556 882 2595 seu
947 2559 1102 2597 novae
1148 2545 1337 2598 Romae
1389 2546 1518 2599 olim
1569 2556 1753 2613 natus,
1809 2563 1929 2602 sum
1973 2551 2116 2605 inter

523 2633 902 2689 ministrantes
933 2635 987 2689 in
1011 2636 1234 2692 Chrism
1265 2639 1493 2704 relatus,
1520 2647 1576 2693 et
1604 2641 1870 2694 senatorii
1896 2641 2115 2698 ordinis

521 2726 663 2779 sacri
697 2727 1003 2781 honoribus
1029 2729 1248 2798 adeptis
1279 2729 1600 2784 sacellarius
1633 2746 1864 2801 magnus
1891 2732 2069 2788 factus
2096 2775 2111 2800 ,

521 2831 574 2872 et
615 2821 980 2874 sanctissima:
1016 2822 1224 2890 Magum
1277 2821 1371 2876 Dei
1403 2822 1665 2877 Ecclesiae
1697 2823 1892 2878 doctor
1925 2825 2115 2880 docto-

522 2927 666 2975 rum,
704 2928 769 2965 ac
788 2915 961 2967 sancti
992 2914 1489 2983 imperatoriicleri
1523 2915 1969 2972 archidiaconus.
2000 2915 2115 2973 llu-

515 3006 606 3076 jus
641 3006 824 3076 itaque
873 3007 1263 3062 astronomicaa
1323 3007 1547 3062 Tribibti
1577 3010 1787 3077 primus
1816 3009 1982 3075 liber,
2016 3011 2112 3080 qui

519 3107 574 3149 ct
614 3099 676 3149 ad
735 3099 1183 3168 computationes
1210 3099 1560 3155 introd-uctio
1590 3109 1694 3162 est,
1725 3100 1907 3156 haaoce
1931 3102 2107 3156 conti-

2214 3079 2494 3151 είσαγωγὴ
2535 3079 2778 3149 περιέχει
2811 3093 2943 3130 ταυτ

520 3200 614 3243 ιιι-ι
651 3208 664 3243 ε

984 3327 1046 3380 ις]
1059 3325 1287 3380 USD-EM
1322 3325 1408 3382 CA
1420 3326 1503 3382 PU
1511 3325 1552 3379 T
1605 3326 1644 3380 l.

525 3443 664 3507 Quid
695 3444 758 3495 sit
791 3443 1142 3502 astronomia,
1178 3450 1225 3492 et
1263 3458 1292 3493 (ι
1319 3441 1503 3506 quibus
1531 3443 1762 3510 primum
1796 3443 2009 3496 inventa
2045 3443 2113 3496 ad

594 3512 803 3566 ercos
830 3523 1010 3579 postea
1049 3512 1333 3593 devenerit.
1375 3511 1502 3592 Quis
1531 3513 1693 3565 etiam
1725 3515 2112 3566 mathematica:

591 3590 641 3633 et
669 3597 877 3651 magna:
923 3590 1328 3634 construction“
1376 3590 1443 3634 sit
1471 3598 1677 3650 scapus.

589 3761 681 3816 ιχ.
717 3759 1067 3815 Astronomia
1097 3775 1191 3812 ars
1223 3768 1330 3822 est,
1364 3774 1486 3829 qua:
1515 3761 1662 3814 circa
1691 3760 1941 3815 coelestia
1979 3777 2108 3815 eor-

517 3873 648 3925 pora
701 3864 1008 3921 occupatur
1041 3864 1095 3907 ct
1129 3862 1404 3916 versatur,
1432 3854 1589 3923 cujus
1627 3853 1750 3907 ﬁnis
1779 3863 1864 3908 est
1913 3871 2108 3909 eorum

518 3957 700 4000 motus
775 3959 1130 4015 cognoscere.
1200 3943 1552 3998 Astronomia
1609 3945 1774 3999 etiam
1830 3947 2107 4002 continua:

508 4037 836 4108 quantitatis
869 4052 1089 4104 semper
1121 4046 1280 4089 mota:
1313 4036 1559 4106 cognitio
1593 4044 1698 4090 est.
1756 4037 2108 4091 Astronomia

516 4143 737 4197 quoque
793 4126 1060 4196 sphaerica
1092 4137 1323 4182 vocatur
1361 4143 1390 4180 a
1447 4127 1645 4197 prima,
1679 4143 1853 4196 eaque
1889 4128 2108 4196 dignio-

519 4235 600 4282 re,
646 4219 915 4286 sphaerica
970 4217 1222 4273 doctrina
1255 4218 1632 4284 denominata,
1663 4237 1783 4290 quae
1834 4220 2104 4290 Sphaeram

515 4310 797 4364 cmlcstem
830 4309 1016 4363 omnia
1049 4311 1262 4364 ambitu
1311 4326 1411 4365 suo
1454 4312 1913 4381 complectentem
1970 4328 2105 4367 con-

515 4402 846 4470 templatur;
908 4402 1143 4455 astellis
1181 4417 1403 4470 quoque
1473 4403 1526 4455 in
1583 4417 1647 4456 ea
1707 4402 2106 4458 exsistentibns

2222 1872 2459 1937 περᾶναι
2489 1870 2588 1931 τῆς
2620 1869 2904 1936 παρούσης
2939 1869 3266 1930 συντᾶξεως,
3296 1862 3440 1938 ᾗπερ
3487 1869 3798 1933 Ἀστρονο-

2215 1963 2363 2032 μικὴ
2411 1965 2713 2031 Τρίσιϐλος
2747 1963 3009 2032 τοῦνομα.
3046 1963 3170 2023 Τοῖς
3219 1963 3320 2031 μὲν
3369 1961 3549 2024 ἄλλοις
3581 1963 3800 2023 παντως

2218 2060 2413 2128 ἀχρεῖα
2445 2061 2538 2111 καὶ
2583 2057 2935 2126 παρορᾶσθαι
2987 2057 3174 2112 δικαία
3197 2097 3211 2120 ,
3254 2056 3390 2110 ἀλλὰ
3415 2057 3527 2118 τοῖς
3556 2072 3616 2122 γε
3661 2056 3796 2125 πρθς

2217 2151 2310 2204 τὸν
2341 2150 2500 2217 λόγον
2531 2151 2900 2220 xsxtvqxo'atv‘
2919 2150 3066 2216 ἡμᾶς
3109 2149 3350 2215 ἑταίροις
3380 2149 3668 2218 χρήσιμος,
3700 2149 3795 2201 καὶ

2216 2246 2316 2314 τῆς
2365 2243 2625 2313 τοιαύτης
2673 2243 2910 2311 Θεωρίας
2957 2243 3287 2312 ὑπόμνησις,
3338 2243 3430 2294 καὶ
3477 2242 3566 2310 μοί
3613 2260 3671 2294 τε
3722 2241 3797 2309 τῷ

2219 2337 2612 2408 γεννησαμένῳ
2660 2337 2926 2404 Θεοδώρῳ
2977 2337 3054 2404 τῷ
3114 2336 3514 2406 Μελιτηνιὼτῃ,
3572 2335 3798 2402 ὲκφύντι

2222 2436 2320 2502 μὲν
2354 2435 2454 2505 ήδη
2506 2433 2609 2502 τῆς
2653 2431 3069 2486 Κωνσταντὶνου
3118 2431 3214 2484 καὶ
3256 2430 3383 2489 νέας
3438 2428 3679 2497 Ῥώμης,
3715 2447 3800 2481 τε·

2217 2525 2398 2578 λοῦντι
2455 2524 2502 2576 δ’
2555 2525 2634 2586 εἰς
2681 2523 2780 2591 τὴν
2833 2524 2892 2575 ὲν
2945 2519 3166 2590 Χριστῷ
3208 2520 3510 2588 διακονίαν,
3544 2521 3650 2573 κάκ
3699 2521 3798 2586 τῆς

2219 2621 2379 2684 ἀξίας
2442 2618 2752 2688 συγκλήτου
2796 2617 2898 2686 τῆς
2948 2617 3110 2684 -ίερᾶς
3181 2613 3403 2682 μεγάλῳ
3460 2611 3800 2682 σακελλαρίῳ

2217 2714 2312 2767 καὶ
2379 2712 2688 2779 διδασκάλῳ
2748 2710 2855 2762 τῶν
2932 2708 3272 2762 διδασκάλων
3332 2711 3431 2777 τῆς
3491 2709 3799 2776 ἁγιωτάτης

2217 2805 2480 2872 Μεγάλης
2512 2803 2608 2855 τοῦ
2632 2801 2772 2855 Θεοῦ
2808 2801 3132 2866 ἐκκλησίας.
3169 2801 3266 2853 καὶ
3299 2801 3661 2868 ἀρχιδιακᾶνῳ
3703 2798 3797 2851 τοῦ

2217 2897 2458 2962 εὖαγοῦς
2493 2893 2781 2962 βασιλικοῦ
2815 2892 3046 2960 κλήρου.
3086 2891 3193 2943 Καὶ
3237 2891 3301 2959 δὴ
3336 2892 3435 2958 τῆς
3472 2893 3799 2956 ἀστρονομι-

2217 2993 2319 3057 κῆς
2383 2988 2691 3054 ηισίόλου
2751 2984 2957 3051 ταύτης
3012 2984 3045 3052 ὴ
3099 2983 3376 3053 πρωτη,ἢ
3439 2981 3799 3052 ψηφοφοριῶν

2951 3077 3016 3130 ί.

2515 3303 2659 3358 ΤΟΥ
2699 3304 2934 3358 ΑΥΤΟΥ
2976 3304 3377 3357 ΚΕΦΑΛΛΙΟΝ
3418 3304 3493 3358 A'.

2221 3421 2284 3476 Τί
2313 3423 2487 3476 ἐστιν
2518 3419 2912 3488 ἀστρονομία,
2945 3417 3042 3474 καὶ
3078 3418 3237 3484 παρὰ
3265 3418 3444 3472 τίνων
3479 3421 3793 3488 εὑρεθεῖσα

2287 3494 2352 3546 τὸ
2387 3493 2455 3556 ἐξ
2487 3490 2684 3561 ἀρχῆς
2713 3486 2902 3561 ἦψεν
2934 3491 3022 3553 εὶς
3059 3489 3364 3561 Ἔλληιςας
3398 3486 3678 3556 ὕστερον.
3704 3493 3798 3556 Τὰς

2284 3581 2349 3617 τε
2403 3566 2436 3616 ὀ
2476 3558 2711 3626 σκοπὸς
2761 3560 2872 3629 τῆς
2910 3558 3334 3629 μαθηματικῆς
3383 3561 3483 3614 καὶ
3526 3562 3799 3630 μεγάλης

2284 3633 2655 3698 συντάξεως.

2284 3752 2362 3806 Θ¹.
2431 3749 2791 3820 ’Δστρονομία
2853 3743 2981 3800 ἐστί’
3029 3747 3192 3819 τέχνη
3259 3747 3386 3814 περὶ
3447 3747 3516 3800 τὰ
3565 3749 3796 3817 οὐράνια

2216 3843 2449 3912 σώματα
2482 3838 2913 3907 καταγινομένη,
2945 3837 3102 3898 τέλος
3135 3837 3335 3907 ἔχουσα
3363 3836 3424 3888 τὸ
3453 3833 3658 3902 γνῶναι
3696 3838 3796 3896 τὰς

2213 3937 2457 4003 κινήσεις
2519 3932 2723 3986 αὐτῶν.
2759 3932 2879 3983 Ἔτι
2934 3929 2979 3982 δ’
3024 3929 3359 3999 ἀστρονομία
3415 3929 3534 3980 ἐστὶ
3589 3929 3797 3994 γνῶσις

2211 4028 2381 4082 ποσοῦ
2425 4027 2681 4097 συνεχοῦς
2710 4027 3047 4092 ἀεικινήτου.
3078 4021 3354 4093 Σφαιρικὴ
3386 4022 3441 4076 δὲ
3477 4023 3568 4075 καὶ
3597 4023 3792 4091 ἀστρο-

2210 4122 2372 4190 νομία
2404 4122 2676 4181 καλεῖται,
2710 4118 3198 4188 παρονομασθεῖσα
3228 4115 3292 4169 ἐκ
3324 4133 3382 4168 τε
3417 4115 3516 4184 τῆς
3565 4115 3794 4183 πρώτης

2209 4217 2304 4268 καὶ
2349 4214 2688 4285 τιμιωτέρας
2743 4213 3046 4283 σφαιρικῆς
3078 4211 3334 4281 θεωρίας,
3365 4210 3468 4280 τῆς
3515 4210 3645 4278 περὶ
3695 4212 3797 4278 τῆς

2209 4309 2391 4362 πάντα
2423 4310 2788 4378 περιεχούσης
2835 4306 3091 4376 οὐρανίου
3138 4305 3400 4375 σφαίρας,
3431 4305 3524 4356 καὶ
3569 4304 3633 4355 ὲκ
3681 4303 3797 4354 τῶν

2207 4403 2267 4454 ἐν
2293 4401 2431 4471 αὐτῇ
2471 4402 2720 4470 ἀστέρων
2753 4401 2896 4452 Θεῖον
2923 4398 3002 4468 τῷ
3037 4398 3152 4451 ὄντι
3194 4397 3288 4451 καὶ
3324 4397 3610 4450 κάλλιστον
3654 4394 3795 4448 οὖσα

510 4492 719 4559 (erro
743 4493 973 4560 nomine)
1012 4493 1304 4560 appellata,
1342 4491 1525 4546 divina
1552 4508 1742 4546 revera
1770 4500 1825 4546 et
1845 4493 2100 4564 pulcher-

2213 4494 2445 4564 μάθημα
2471 4509 2486 4523 ν
2521 4491 2628 4545 -ἔιτε
2681 4493 2744 4561 δὴ
2795 4493 2891 4543 καὶ
2951 4491 3178 4560 περὶτὰ
3217 4489 3334 4542 θεῖα
3378 4489 3790 4556 κατανοουμένη

510 4584 652 4635 rima
687 4592 772 4634 est
811 4581 1123 4649 disciplina.
1166 4583 1240 4634 De
1274 4581 1474 4635 divinis
1519 4583 1722 4652 quippe
1751 4583 2100 4638 cmlestibus-

514 4690 622 4741 que
664 4673 833 4727 rebus
867 4675 1177 4741 cogitando,
1234 4674 1382 4728 circa
1422 4676 1944 4745 contemplationem
2004 4693 2100 4732 eo-

510 4783 634 4820 rum
671 4781 794 4835 quae
822 4767 1014 4820 eodem
1047 4781 1264 4835 semper
1300 4783 1358 4821 se
1411 4767 1580 4821 modo
1615 4767 1838 4832 habent,
1875 4780 1935 4824 ut
1967 4770 2095 4824 libri

513 4874 528 4910 t
562 4856 773 4927 Magna:
807 4855 1247 4924 Constructiauia,
1282 4873 1405 4926 cap.
1449 4860 1502 4923 l,
1529 4858 1845 4914 Ptolemtcus
1878 4862 2094 4927 asserit,

509 4949 628 5004 sola
658 4949 826 5004 etiam
847 4959 1137 5014 versatur;
1167 4965 1276 5018 qua
1307 4949 1373 5003 de
1389 4965 1553 5004 causa
1581 4952 1632 5004 in
1659 4951 1870 5019 proprii
1893 4951 2098 5022 objecti

509 5042 1028 5113 comprehensione,
1080 5057 1203 5111 qua:
1282 5058 1387 5096 nec
1438 5042 1672 5096 obscura
1719 5059 1823 5098 nec
1868 5046 2097 5102 contusa

507 5144 613 5201 εει,
647 5144 859 5190 tantum
897 5134 1086 5202 pollet,
1119 5145 1179 5187 ut
1210 5133 1311 5188 sibi
1337 5150 1558 5202 semper
1579 5135 1778 5188 similis
1810 5146 1866 5190 et
1896 5137 2097 5192 immu-

465 5270 477 5283 .
505 5229 700 5283 tabilis
730 5238 1076 5298 permaneat,
1107 5227 1253 5297 quod
1287 5227 1532 5282 scientia:
1573 5230 1856 5299 proprium
1911 5241 2015 5284 est.
2050 5231 2096 5286 Α

503 5321 653 5375 Set/ti
683 5321 910 5390 quidem
937 5320 1129 5375 Adami
1166 5320 1472 5374 liberorum
1505 5320 1670 5373 unius
1699 5321 1931 5390 posteris
1980 5322 2096 5376 haec

505 5423 592 5467 cst
645 5413 796 5466 omni
831 5413 1192 5466 veneratione
1239 5411 1413 5482 major
1467 5412 1692 5466 irtventa
1758 5412 2094 5481 disciplina;

505 5508 647 5573 quod
675 5504 898 5575 quidem
933 5519 1179 5557 veterum
1221 5504 1445 5558 Patrum
1479 5519 1836 5558 tuonumenta
1873 5507 2090 5561 veritati

496 5614 743 5654 consona
777 5597 980 5652 docent
1007 5616 1019 5651 :
1061 5596 1224 5666 idque
1248 5595 1505 5666 Josephus
1528 5597 1777 5650 veritatis
1809 5598 2090 5653 stu-tiosos

497 5693 748 5759 profecto
795 5701 850 5744 et
888 5703 1076 5742 amans
1114 5688 1872 5756 dntiquitatumJudaicarum
1919 5690 2014 5744 lib.
2071 5707 2085 5744 t

503 5801 543 5830 δι
566 5799 575 5830 1
598 5782 740 5847 :psll.

2205 4589 2300 4642 καὶ
2336 4589 2404 4640 τὰ
2452 4587 2704 4657 οὐράνια,
2738 4585 2830 4638 καὶ
2874 4586 3032 4654 μόνη,
3075 4584 3220 4636 καοά
3267 4599 3400 4652 φησι
3456 4582 3793 4650 Πτολεμαῖος

2204 4681 2362 4753 ἐντῷ
2417 4682 2514 4734 τοῦ
2551 4679 2774 4751 πρώτου
2829 4680 3030 4750 πρώτῳ
3087 4676 3197 4746 τῆς
3251 4678 3524 4747 μεγάλης
3566 4677 3793 4730 Συντά-

2206 4779 2376 4840 ξεως.
2413 4773 2544 4840 περὶ
2575 4772 2673 4844 τὴν
2705 4772 2815 4826 τῶν
2851 4772 2938 4824 ἀεὶ
2969 4771 3064 4824 καὶ
3094 4770 3360 4832 ὡσαύτως
3393 4771 3626 4838 ἑχόντων
3661 4773 3791 4823 ἐπί-

2207 4869 2400 4934 σκεψιν
2431 4867 2910 4936 ἀναστρεφομένη.
2937 4864 3026 4917 διὰ
3062 4862 3222 4915 τοῦτο
3268 4859 3403 4914 οὖσα
3457 4860 3657 4930 δυνατὴ
3691 4864 3792 4914 καὶ

2201 4963 2342 5032 αὑτὴ
2374 4961 2505 5030 περὶ
2531 4959 2630 5031 τὴν
2664 4961 2874 5012 οἰκείαν
2910 4957 3244 5026 κατάληψιν,
3279 4954 3406 5009 οὔτε
3435 4956 3630 5022 ἄδηλον
3655 4955 3788 5008 οὔτε

2202 5056 2439 5109 ἄτακτον
2469 5054 2659 5119 οὖσαν,
2693 5054 2780 5106 ἀεὶ
2815 5053 2908 5106 καὶ
2958 5050 3224 5112 dicat-itm;
3255 5049 3424 5120 ἔχειν,
3457 5050 3593 5120 ὅπερ
3635 5051 3788 5102 ἐστὶν

2205 5151 2334 5204 ἴδιον
2401 5151 2736 5220 ἐπιστήμης.
2787 5128 3032 5217 Εερῆται
3101 5161 3165 5213 γε
3240 5144 3350 5215 μὴν
3408 5143 3467 5196 τὸ
3540 5142 3788 5196 τοιοῦτον

2202 5243 2550 5315 ὑπέρσεμνον
2579 5243 2748 5304 ὅντως
2780 5241 3010 5311 μάθημα
3056 5238 3208 5308 παρὰ
3257 5237 3362 5290 τῶν
3393 5233 3487 5288 τοῦ
3515 5235 3621 5304 Σὴο
3661 5235 3784 5296 svi...

2199 5335 2308 5387 τῶν
2361 5337 2496 5388 υἱῶν
2535 5335 2708 5404 Ἀδὰμ
2769 5332 3055 5396 ἀπογόνων
3081 5346 3096 5363 ·
3131 5331 3207 5395 ὡς
3263 5328 3291 5381 ὅ
3343 5343 3404 5381 τε
3442 5325 3671 5388 παλαιὸς
3715 5329 3786 5378 ἐκ

2200 5430 2435 5498 Πατρῶν
2473 5429 2630 5494 λόγος
2665 5428 2800 5499 ἔχει,
2851 5427 2946 5480 καὶ
3003 5424 3220 5493 ἀληθῶς
3270 5422 3406 5492 ἔχει.
3439 5421 3547 5473 Καὶ
3593 5419 3784 5488 μέντοι

2200 5523 2294 5575 καὶ
2353 5523 2619 5592 Ἰώσηπος
2674 5521 2974 5590 cpia-Dion;
3028 5519 3169 5588 ἀνὴρ
3217 5518 3275 5570 ὲν
3321 5519 3388 5586 τῇ
3436 5513 3628 5586 πρώτῃ
3659 5511 3783 5564 τῶν

2209 5615 2504 5684 Ἰστοριῶν
2535 5615 2892 5686 ἀρχαιολογίᾳ
2927 5613 3323 5683 συγγράξεται.
