4074 6472
316 342 424 407 997

1415 337 1519 397 EX
1557 336 1796 397 LIBRO
1839 335 1936 396 DE
1977 334 2504 393 ASTHONOMIA.

3465 330 3573 396 998

385 450 442 505 l'.
506 451 762 522 Μιμηταὶ
815 449 923 520 γὰρ
989 448 1136 504 οὗτοι
1192 448 1287 504 τοῦ
1342 451 1556 502 ἑαυτῶν
1607 452 1895 518 γεγονότες

2074 443 2138 497 Χ.
2172 445 2469 499 Enimvero
2496 458 2621 497 cum
2677 441 2732 496 lii
2764 441 2848 497 sui
2880 443 3121 511 parentis
3152 441 3456 497 imitatores
3485 459 3574 498 es~

312 544 657 613 γεννήτορος,
691 543 891 611 σοφίαν
939 542 1040 612 μὲν
1089 542 1189 612 τὴν
1238 542 1369 611 περὶ
1417 541 1487 595 τά
1530 543 1765 612 οὐράνια
1796 539 1892 594 καὶ

310 636 412 704 τὴν
445 634 655 689 τούτων
700 634 1068 704 διακόσμησιν
1111 635 1439 706 ἐπενόησαν,
1468 636 1681 704 πρῶτοι
1711 650 1894 703 γραμ-

315 725 504 793 μάτων
550 722 877 792 ἐφευρόντες
909 723 1118 785 τύπους
1154 723 1250 775 καὶ
1301 723 1370 775 τὰ
1418 724 1626 792 σημεῖα
1655 723 1753 774 τοῦ
1803 722 1894 774 οὒ-

315 816 480 886 ρανοῦ
520 819 615 871 καὶ
644 819 744 880 τάς
773 816 984 887 τροπὰς
1031 815 1123 869 τοῦ
1158 816 1428 882 ίνιαυτοῢ,
1471 818 1568 872 καὶ
1599 818 1701 880 τὰς
1738 816 1893 870 ἐσδο-

317 907 511 975 μάδας,
542 908 784 971 καὶτοῖς
822 905 1091 961 ἁπλανέσι
1145 906 1254 960 τῶν
1311 909 1560 977 ἀστέρων
1613 906 1895 971 ἐπιθέντες

314 998 557 1068 ὀνόματα
606 1000 705 1052 καὶ⁵
753 1002 871 1062 τοῖς
930 996 1327 1069 πλανωμένοις.
1366 998 1540 1068 ’Υπὲρ
1573 999 1631 1052 δὲ
1675 997 1768 1051 τοῦ
1818 998 1892 1069 μὴ

315 1088 598 1157 διαφυγεῖν
632 1090 762 1152 τοὺς
801 1091 1127 1160 ἀνθρώπους
1157 1092 1225 1143 τὰ
1246 1090 1384 1161 εὑρη
1396 1091 1554 1160 μένα,
1590 1089 1726 1160 μηδὲ
1761 1091 1894 1163 πρὶν

317 1180 397 1241 είς
464 1181 662 1247 γνῶσιν
709 1180 887 1234 ἐλθεῖν
939 1183 1237 1253 φθαρῆναι,
1291 1181 1685 1251 προειρηκότος
1718 1179 1895 1250 Ἀδὰμ

315 1270 626 1341 ἀφανισμὸν
673 1272 894 1325 ἔσεσθαι
944 1273 1055 1326 τῶν
1100 1273 1260 1336 ὅλων,
1301 1273 1396 1326 τὸν
1447 1271 1548 1343 μὲν
1587 1271 1712 1325 κατ’
1741 1274 1897 1341 ίσχὺν

319 1362 512 1432 πυρὸς,
545 1367 636 1417 τὸν
678 1365 732 1416 δὲ
764 1364 954 1435 ἕτερον
984 1367 1125 1419 κατὰ
1159 1368 1282 1435 μίαν
1314 1366 1412 1418 καὶ
1443 1365 1651 1434 πλῆθος
1681 1363 1895 1429 ὕδατος,

319 1457 526 1524 στήλας
572 1458 933 1527 ποιησάμενοι
984 1459 1098 1526 δύο,
1131 1461 1232 1529 τὴν
1287 1460 1389 1530 μὲν
1421 1459 1485 1513 ὲκ
1511 1459 1761 1524 πλίνθου,
1798 1460 1898 1530 τὴν

317 1546 365 1603 δ’
396 1549 591 1619 ἑτέραν
632 1551 697 1603 ἐκ
725 1549 899 1615 λίθου,
937 1551 1283 1623 ἀμφοτέραις
1311 1553 1380 1607 τὰ
1408 1551 1688 1624 εὑρημένα
1722 1570 1901 1623 προσ-

318 1641 584 1714 έγραψαν,
643 1641 730 1696 ίνα
786 1645 885 1713 τῆς
945 1643 1230 1715 πλινθίνης
1285 1646 1392 1699 ὑπὸ
1437 1646 1539 1715 τῆς
1593 1646 1901 1716 ἐπομϐρίας

319 1731 735 1801 ἀφανισθείσης,
754 1734 796 1805 ιη
829 1732 1003 1804 λιθίνη
1038 1736 1270 1803 μείνασα
1304 1735 1520 1790 ἅπαντα
1553 1736 1671 1805 δοίη
1704 1738 1899 1806 μαθεῖν

316 1826 430 1884 τοῖς
478 1822 794 1895 ἀνθρώποις
850 1825 920 1879 τὰ
976 1827 1449 1898 ἐγγεγραμμέναο
1507 1828 1744 1898 δηλοῦσα
1799 1831 1897 1884 καὶ

320 1912 602 1983 πλινθίνην
634 1914 726 1967 ὑπ’
765 1917 947 1969 αὐτῶν
979 1917 1311 1983 ἀνατεθῆναι
1341 1935 1355 1951 ⁸
1381 1918 1449 1989 ῆν
1485 1918 1550 1991 δὴ
1579 1922 1674 1974 καὶ
1709 1921 1898 1990 μένειν

318 2006 461 2059 κατά
503 2006 602 2076 τὴν
629 2007 827 2078 Σδρίδα
872 2009 978 2078 γῆν
1012 2009 1172 2079 ἄχρις
1200 2010 1413 2064 ἐκείνου
1455 2013 1610 2082 φησὶ,
1650 2012 1794 2083 λέγω
1826 2014 1895 2085 δὴ

318 2099 421 2170 τὴν
444 2098 652 2168 λιθίνην
681 2114 696 2129 ’
725 2101 828 2170 τῆς
850 2101 906 2155 δὲ
937 2102 1043 2171 γῆς
1071 2102 1351 2175 ὲπομὸρίᾳ
1388 2106 1888 2177 κατακλυσθείσης,

319 2191 416 2241 καὶ
469 2188 633 2260 μόνου
685 2189 809 2242 Νῶε
846 2190 1273 2261 περισωθέντος,
1327 2195 1574 2265 ἀρχηγοῦ
1626 2213 1685 2249 τε
1734 2214 1900 2252 κατα.

322 2283 548 2344 στάντος
580 2280 845 2350 δευτέρου
877 2283 1083 2352 κόσμου
1107 2298 1120 2312 ·
1151 2284 1247 2337 καὶ
1276 2285 1340 2355 δὴ
1373 2287 1482 2339 τῶν
1531 2286 1628 2341 ἀπ’
1658 2286 1895 2354 ἐκείνου,

319 2372 409 2425 διά
449 2372 550 2442 τὴν
600 2372 668 2440 ἣν
715 2373 1019 2441 ἐπενόησαν
1071 2373 1280 2442 τόλμαν
1327 2375 1753 2444 οίκοδομούντων
1803 2377 1897 2431 τὸν

320 2464 557 2531 πύργον,
589 2461 973 2532 συγχυθέντων
1015 2461 1115 2533 τὴν
1169 2463 1442 2532 γλῶτταν,
1467 2465 1563 2518 an
1614 2466 1679 2537 δὴ
1709 2466 1895 2531 κακῶς

321 2558 418 2609 καὶ
478 2554 655 2617 ἀθέως
727 2555 1184 2624 ὁμοφωνούντων,
1243 2558 1404 2627 μόνος
1464 2559 1743 2629 Ἀρφαξάδ
1797 2562 1898 2632 τὴν

322 2647 528 2700 οίκείαν
587 2646 961 2719 διατηρήσας,
1012 2648 1300 2702 Χαλδαίων
1370 2652 1656 2720 πρόγονος.
1710 2652 1775 2705 Oi
1841 2652 1899 2707 δὲ

323 2738 540 2808 φύσεως
605 2738 822 2807 ἀγαθῆς
871 2741 1204 2808 γεγονότες,
1253 2742 1346 2796 καὶ
1405 2745 1474 2797 τά
1534 2745 1630 2798 ἐπὶ
1686 2744 1900 2817 λιθίνης

326 2830 530 2900 στήλης
561 2830 815 2900 εὑρόντες
846 2833 1305 2902 ἐγγεγραμμένα,
1331 2832 1432 2905 τὴν
1463 2837 1574 2888 τῶν
1626 2836 1900 2906 οὐρανίων

328 2921 737 2991 συνεγράψαντο
784 2924 1091 2995 ἐπιστήμην
1119 2939 1135 2955 ·
1186 2924 1442 2978 τοσοῦτον
1485 2925 1900 2996 θαυμασθέντες

325 3016 477 3085 παρὰ
504 3015 672 3068 πᾶσιν
702 3015 792 3067 ἐπὶ
837 3016 1021 3084 σοφίᾳ,
1055 3014 1197 3069 ὥστε
1247 3018 1342 3071 καὶ
1366 3019 1495 3082 τοὺς
1527 3020 1708 3073 αὐτῶν
1753 3019 1900 3089 φιλο-

1932 1780 1971 1834 Β

1998 545 2140 598 sent.
2180 537 2247 589 de
2300 535 2621 590 coelestibus
2649 548 2957 603 eorumque
3013 532 3208 587 ordine
3261 540 3317 587 et
3374 544 3570 589 ornatu

1997 626 2373 696 philosophari
2404 627 2717 698 cegitarunt
2771 644 2785 680 :
2838 623 3112 694 primique
3147 624 3457 679 litterarum
3489 632 3575 695 ty-

1998 734 2116 788 pos,
2146 719 2270 773 cmli
2302 718 2478 787 signa,
2522 717 2651 771 anni
2683 717 2922 786 partium
2951 713 3344 771 conversiones
3367 724 3423 771 et
3453 730 3575 786 sep-

2000 810 2232 865 timanas
2266 811 2621 877 invenerunt,
2650 810 2881 880 fixisque
2902 808 3085 865 stellis
3114 823 3177 863 ac
3207 807 3442 878 planetis
3474 822 3576 863 no-

1997 904 2145 959 mina
2177 907 2511 976 imposuere.
2561 904 2641 959 Ne
2670 918 2800 958 vero
2828 904 2921 958 illa
2980 902 3203 956 inventa
3260 901 3576 956 hominibus

1998 996 2268 1066 perirent,
2293 1003 2351 1049 et
2384 1004 2677 1064 antequam
2712 994 2897 1049 forent
2922 993 3139 1063 cognita
3155 998 3573 1049 evanescerent.

1997 1101 2122 1142 cum
2152 1087 2395 1141 universi
2420 1086 2750 1141 deletionem
2793 1086 3123 1153 ruinamqne
3164 1082 3466 1152 duplicem,
3512 1081 3569 1134 vi

1999 1178 2140 1248 ignis
2170 1177 2422 1244 alteram,
2456 1177 2686 1231 alteram
2733 1176 2945 1231 inﬁnita
2978 1190 3250 1245 aquarum
3281 1175 3440 1241 copia
3487 1172 3574 1227 [ιι-

2001 1280 2183 1325 turam
2232 1270 2582 1339 praedixisset
2629 1266 2891 1334 Adamus,
2921 1267 3441 1331 columnisduabus
3471 1281 3572 1321 ex-

1999 1363 2222 1418 structis
2261 1363 2598 1432 erectisque,
2641 1377 2748 1415 una
2785 1361 3006 1432 quidem
3039 1360 3303 1425 lateritia,
3351 1357 3570 1429 lapidea

1999 1455 2199 1521 altera,
2254 1454 2475 1508 inventa
2532 1469 2627 1508 sua
2674 1456 2894 1522 utrique
2936 1454 3360 1520 inscripserunt,
3401 1459 3481 1516 ut,
3522 1450 3572 1505 si

2001 1545 2241 1599 hteritia
2272 1544 2342 1599 ab
2378 1544 2694 1614 ingentibus
2747 1546 3094 1614 profusisque
3145 1543 3416 1600 imbribus
3444 1557 3571 1597 cor-

2004 1649 2377 1708 rumperetur,
2405 1640 2618 1708 lapidea
2640 1647 2977 1708 superesset,
3001 1653 3066 1691 cx
3089 1651 3195 1706 qua
3227 1624 3450 1705 possent
3477 1634 3577 1689 bo-

2004 1732 2179 1784 tnines
2206 1742 2405 1786 cuncta
2440 1732 2700 1800 inscripta
2736 1731 3044 1791 addiscere,
3078 1738 3240 1799 atque
3278 1727 3572 1782 lateritiam

2000 1821 2069 1875 ab
2106 1821 2240 1885 ipsis
2265 1837 2482 1892 quoque
2533 1822 2702 1877 fuisse
2749 1833 2989 1876 erectam
3038 1830 3094 1874 et
3134 1828 3509 1875 consecratam
3556 1834 3571 1870 :

1999 1928 2163 1982 quam
2194 1914 2377 1977 etiam,
2413 1913 2684 1985 lapideam
2717 1914 2864 1977 dico,
2896 1913 2962 1967 ad
2998 1914 3088 1968 illa
3122 1928 3297 1982 usque
3324 1921 3572 1981 tempora

2001 2003 2056 2057 in
2108 2005 2265 2076 Syria
2309 2014 2456 2060 stare
2494 2019 2558 2059 ac
2590 2019 2917 2075 permanere
2950 2004 3048 2059 ait.
3090 2004 3160 2058 At
3190 2020 3312 2059 cum
3363 2004 3573 2057 diluvio

2002 2104 2149 2151 terra
2179 2105 2435 2166 coeperta
2462 2097 2675 2162 fuisset,
2701 2112 2765 2152 ac
2796 2098 2946 2154 solus
2978 2097 3112 2162 Noe,
3145 2095 3372 2152 secundi
3416 2111 3575 2150 mun-

1999 2188 2054 2242 di
2092 2189 2345 2257 princeps
2362 2186 2560 2252 l‘actus,
2585 2198 2837 2243 servatus
2867 2188 3331 2258 fuisset,ejusqne
3362 2187 3573 2255 posteri

2000 2281 2250 2343 audacia,
2281 2295 2443 2350 quam
2475 2280 2659 2334 animo
2706 2288 3187 2349 praesumpserant,
3224 2279 3415 2334 turrim
3446 2279 3579 2334 aedi-

2000 2370 2279 2434 ﬁcassent,
2321 2372 2677 2442 ipsorumque
2705 2373 2906 2441 linguae
2943 2373 3186 2426 confusa:
3214 2373 3576 2440 perturbatae-

2000 2476 2108 2529 que
2148 2460 2425 2526 fuissent,
2453 2461 2599 2530 quod
2633 2461 2822 2532 inique
2852 2473 3152 2533 spretoque
3177 2458 3287 2516 Deo
3309 2463 3363 2516 in
3396 2463 3575 2533 ipsum

2000 2544 2401 2623 coniurassent.
2459 2555 2742 2623 propriam
2812 2556 3166 2625 nativamque
3218 2555 3578 2626 Arphaxadus

2001 2645 2248 2707 retinuit,
2277 2653 2332 2700 et
2355 2645 2741 2701 Chaldaeorum
2766 2647 3006 2702 nationis
3039 2664 3238 2717 parens
3268 2660 3575 2719 auctorque

2001 2741 2127 2795 fuit.
2168 2741 2234 2796 Hi
2269 2757 2407 2797 vero
2437 2741 2674 2796 indolem
2713 2742 2912 2796 bonam
2951 2741 3342 2812 ingeniumque
3403 2744 3576 2806 nacti,

1999 2846 2122 2902 qua:
2155 2832 2385 2901 lapidea:
2419 2833 2692 2887 columnae
2762 2832 3028 2901 inscripta
3079 2842 3259 2895 erant,
3316 2833 3578 2901 inventis,

2001 2922 2307 2977 cmlcrtium
2359 2920 2643 2977 scientiam
2701 2922 3098 2992 conscripsere.
3159 2920 3403 2987 Quorum
3468 2931 3576 2977 tam

2002 3012 2205 3069 eximia
2236 3011 2340 3066 fuit
2368 3013 2661 3082 sapientia,
2719 3024 2780 3066 ut
2811 3028 2910 3067 eos
2938 3026 3132 3067 omnes
3167 3013 3418 3067 homines
3467 3012 3582 3067 sint

326 3106 526 3174 σόφους
569 3105 697 3175 περὶ
719 3105 1082 3175 ἀστρονομίαν
1120 3109 1181 3161 τὸ
1215 3110 1379 3163 πλέον
1409 3111 1655 3182 ἔχοντας,
1688 3112 1779 3166 καὶ
1812 3128 1902 3182 γε-

2005 3103 2283 3165 admirati,
2314 3102 2452 3159 adeo
2485 3113 2541 3158 ut
2579 3104 2825 3173 ipsorum
2859 3103 3171 3174 philosOpbi
3210 3106 3262 3157 in
3298 3103 3464 3159 rebus
3491 3120 3579 3160 as-

327 3196 701 3264 νεθλιαλογεῖν
722 3198 824 3269 ήδη
856 3201 1381 3269 προσποιουμένους,
1401 3202 1703 3268 Χαλδαίους
1734 3220 1903 3274 προσο

328 3289 715 3360 αγορεύεσθαι.

401 3470 509 3524 lA‘.
556 3471 813 3540 Στράϐων
863 3472 1207 3543 γεωγραφῶν
1264 3476 1421 3545 φησὶ,
1462 3476 1540 3547 τῷ
1591 3477 1759 3548 κοινῷ
1806 3479 1901 3531 τοῦ

329 3563 519 3629 γένους
554 3564 780 3632 ὀνόματι
810 3566 935 3616 κατ’
981 3565 1173 3636 ἐξοχὴν
1204 3566 1640 3636 ὀνομαζομένους
1687 3570 1903 3623 οίκοῦν-

327 3669 429 3714 τας
471 3653 570 3722 μὲν
591 3654 693 3722 τῆς
717 3653 1061 3716 Βαϐυλωνίας
1097 3656 1281 3725 χώραν
1306 3657 1488 3719 αὐτοῖς
1513 3660 1593 3719 είς
1618 3662 1903 3712 κατοικίαν

267 3752 276 3758 ’
330 3743 723 3814 ἀφωρισμένην
757 3746 1168 3816 πλησιάζουσαν
1201 3749 1313 3811 τοῖς
1345 3765 1402 3800 τε
1440 3749 1648 3817 ’Ἄραψι
1698 3754 1790 3803 καὶ
1835 3755 1901 3824 τῇ

332 3837 475 3887 κατά
516 3837 728 3905 Πέρσας
758 3837 1029 3909 λεγομένῃ
1058 3837 1323 3909 θαλάσσῃ,
1366 3841 1447 3902 εἰς
1479 3841 1651 3893 πλείω
1679 3841 1735 3895 δὲ
1769 3844 1901 3914 γένη

328 3928 734 3999 διῃρημένους*
786 3933 880 3981 καὶ
941 3931 1067 3992 τοὺς
1119 3931 1220 4000 μὲν
1283 3932 1605 4001 Ὀρχηνοὺς,
1659 3935 1788 3998 τοὺς
1845 3936 1902 3988 δὲ

330 4021 701 4089 καλουμένους
737 4021 1139 4091 Βορσιππινοὺς
1170 4024 1264 4076 καὶ
1301 4024 1496 4087 ἀλλους
1528 4025 1728 4089 ἄλλως,
1752 4028 1904 4082 ὡσάν

332 4112 458 4165 καθ’
484 4113 726 4183 αἱρέσεις
754 4113 892 4167 ἀλλα
926 4117 1020 4166 καὶ
1050 4113 1182 4167 ἄλλα
1228 4117 1360 4183 περὶ
1387 4116 1497 4168 τῶν
1543 4118 1722 4170 αὐτῶν
1754 4119 1905 4189 ἔχον-

330 4220 433 4266 τας
484 4204 750 4272 δόγματα.
791 4205 880 4257 Ἐν
922 4199 1004 4268 οἷς
1039 4206 1193 4260 ἄλλοι
1228 4223 1288 4260 τε
1338 4206 1582 4260 πλεῖστοι
1615 4210 1904 4278 γεγόνασιν

331 4296 603 4365 ἀξιόλογοι
650 4296 878 4367 ἄνδρες,
940 4298 1036 4351 καὶ
1105 4299 1341 4367 μάλιστα
1390 4301 1758 4372 Ζωροάστρης
1810 4306 1908 4360 καὶ

336 4387 456 4458 μετ’
497 4390 708 4441 ἐκεῖνον
764 4389 993 4458 Ὀτάνης
1019 4405 1033 4420 ’
1074 4390 1103 4442 ὃ
1145 4408 1204 4443 τε
1258 4392 1495 4460 Κιδηνᾶς
1544 4396 1641 4446 καὶ⁵
1693 4395 1907 4449 Ναῆου-

337 4478 542 4547 ριανὸς.
576 4481 672 4533 καὶ
705 4481 805 4533 σὺν
832 4482 1016 4544 αὐτοῖς
1041 4482 1068 4534 ὁ
1101 4484 1353 4546 Σουδῖνος
1380 4500 1396 4517 ’
1437 4486 1574 4539 ἀλλά
1595 4487 1687 4539 καὶ
1712 4489 1908 4542 Σελευ-

337 4574 462 4632 κίας
524 4570 789 4634 Χαλδαῖος
849 4574 946 4625 καὶ
1000 4570 1165 4636 οὗτός
1219 4578 1392 4631 ἐστιν.
1453 4579 1548 4631 Ἐκ
1599 4578 1806 4633 τούτων
1851 4583 1913 4635 τὺ

336 4659 570 4712 παλαιὸν
599 4663 626 4713 ὁ
663 4662 835 4729 μέγας
886 4663 1180 4733 γενόμενος
1243 4665 1517 4738 Ἀϐραὰμ,
1550 4670 1645 4722 καὶ
1693 4670 1911 4738 πρῶτος

338 4750 471 4803 Θεὸν
524 4753 629 4803 τῶν
657 4752 797 4805 ὅλων
842 4754 1180 4823 δημιουργὸν
1213 4758 1477 4825 ἐγνωκώς
1506 4777 1519 4791 ο
1546 4763 1658 4824 τοῖς
1698 4779 1768 4824 ,τε
1813 4764 1912 4833 τῆς

339 4843 442 4911 γῆς
492 4842 586 4895 καὶ
622 4842 900 4913 θαλάσσης
937 4845 1254 4914 παθήμασι,
1286 4849 1381 4901 καὶ
1418 4851 1520 4919 τῆς
1553 4852 1627 4921 (8)
1659 4857 1789 4924 περὶ
1818 4856 1912 4910 τὸν

336 4934 486 5005 ἥλιον
516 4933 612 4986 καὶ
643 4934 894 5005 σελήνην,
924 4938 1020 4990 καὶ
1044 4939 1178 4990 πᾶσι
1208 4940 1321 5001 ταῖς
1348 4940 1469 4993 κατ’
1511 4945 1738 5011 οὐρανὸν
1770 4961 1914 5017 συμ-

338 5027 586 5083 ϐαίνουσι
639 5028 1031 5111 λογισάμενος·
1071 5030 1169 5083 καὶ
1218 5032 1396 5102 τούτῳ
1425 5034 1489 5103 δὴ
1544 5037 1914 5107 προσδραμὼν

341 5118 572 5188 ἑτοίμως
621 5119 897 5186 καλοῦντι,
936 5120 1031 5171 καὶ
1082 5121 1158 5182 είς
1218 5120 1500 5185 Αἴγυπτον
1534 5124 1913 5195 ἀκολουθήσας

339 5213 635 5281 κατάγοντι
658 5226 673 5240 ’
706 5212 870 5265 κάκεῖ
899 5216 1010 5275 τοῖς
1052 5212 1404 5280 λογιωτάτοις
1441 5214 1758 5281 Αἰγυπτίων
1791 5216 1909 5271 δια-

341 5303 528 5372 φόροις
572 5302 747 5355 έθεσιν
790 5303 1205 5374 ἀρεσκομένου,
1237 5305 1332 5356 καὶ
1376 5307 1443 5357 τὰ
1481 5305 1615 5374 παρ’
1661 5307 1914 5378 ἀλλήλοις

340 5394 730 5463 ἐκφαυλίζουσι
760 5395 969 5465 νόμιμα
1006 5397 1099 5449 καὶ
1148 5395 1235 5449 διὰ
1277 5396 1435 5450 τοῦτο
1459 5396 1744 5466 δυσμενῶς
1775 5401 1915 5472 πρὸς

340 5486 611 5556 ἀλλήλους
641 5486 843 5556 ἔχουσι,
878 5485 1156 5557 συντυχὼν
1183 5487 1435 5550 ἑκάστοις
1458 5487 1637 5541 αὐτῶν
1658 5490 1915 5546 διαπτύει

346 5582 446 5647 μὲν
489 5574 583 5636 οὓς
631 5575 911 5630 επο.οὖντο
956 5576 1149 5646 λόγους
1180 5578 1309 5648 περὶ
1355 5578 1465 5630 τῶν
1506 5579 1654 5632 ἰδίων
1697 5581 1913 5647 κενοὺς,

417 5753 494 5824 (8)
524 5752 670 5817 Τοῖς.

2006 3194 2329 3250 trononticis
2364 3204 2423 3249 ut
2477 3194 2774 3263 plurimum
2832 3193 3111 3262 occupati,
3160 3208 3339 3262 exque
3391 3191 3585 3263 ﬁguris

2004 3284 2276 3341 natalitiis
2331 3285 2571 3354 coelique
2619 3283 2959 3339 tbematibus
3005 3284 3341 3354 praedicendi
3403 3293 3580 3340 artem

2006 3376 2263 3446 professi,
2301 3376 2542 3431 Chaldaei
2578 3376 2690 3430 sint
2732 3376 2896 3430 etiam
2949 3377 3226 3445 appellati.

2076 3464 2169 3519 XI.
2206 3465 2403 3520 Strabo
2452 3466 2506 3519 in
2558 3466 2719 3521 libris
2772 3466 2889 3520 suis
2928 3467 3310 3536 geograplaieis
3347 3467 3584 3531 scribit,

2006 3560 2286 3619 coinmuni
2312 3560 2494 3628 gentis
2525 3559 2749 3613 nomine
2779 3573 2877 3628 per
2903 3557 3282 3613 excellentiam
3314 3557 3582 3626 appellari

2007 3649 2211 3702 incolas
2232 3649 2574 3719 Babylonica:
2598 3650 2873 3705 Arabibus
2897 3659 2953 3703 et
2977 3648 3113 3702 mari
3144 3649 3193 3702 PA
3223 3649 3363 3702 ι·δίρο
3386 3648 3582 3703 vicinae

2006 3738 2268 3807 regionis,
2291 3755 2414 3807 quae
2445 3740 2578 3809 ipsis
2601 3741 2652 3792 in
2690 3740 2874 3807 plures
2904 3741 3111 3795 classes
3139 3741 3330 3794 divisis
3361 3740 3425 3792 ad
3473 3741 3574 3792 lia—

2006 3830 2290 3883 bitandum
2325 3828 2428 3883 fuit
2482 3830 2754 3884 attributa
2820 3839 2877 3883 ct
2930 3832 3208 3898 seposita;
3275 3845 3587 3898 eorumque

2004 3920 2142 3973 alios
2172 3919 2485 3979 Orchenos.
2548 3920 2687 3975 alios
2736 3920 3128 3988 Borsippenos,
3180 3919 3319 3973 alios
3350 3919 3586 3975 diversis

2005 4010 2324 4064 nomimbus
2381 4018 2606 4065 vocatos
2653 4009 2858 4073 fuisse;
2888 4020 3163 4079 quatenus
3195 4009 3363 4065 variis
3415 4010 3588 4063 sectis

2007 4104 2214 4158 addicti
2263 4105 2332 4160 de
2365 4105 2534 4159 rebus
2569 4104 2764 4160 iisdem
2826 4104 3199 4159 diversimode
3248 4104 3583 4158 sentiebant.

2007 4196 2065 4252 In
2095 4196 2296 4266 quibus
2325 4196 2548 4266 plurimi
2594 4197 2687 4251 alii
2722 4196 2974 4251 celebres
3000 4206 3055 4250 et
3095 4196 3257 4251 laude
3285 4195 3436 4264 digni
3487 4194 3589 4248 ilo-

2008 4298 2244 4345 ruerunt
2277 4289 2402 4354 viri,
2432 4304 2666 4359 quorum
2709 4290 3026 4359 praecipuus
3060 4287 3345 4342 Zoroasler
3372 4298 3428 4341 ct
3486 4285 3585 4355 qui

2008 4379 2161 4434 illum
2205 4386 2428 4433 secutus
2452 4385 2536 4432 est
2564 4376 2758 4432 Otanes
2806 4376 3091 4438 claruere;
3150 4373 3380 4430 Cidenas
3434 4372 3589 4427 dein-

1942 4452 1986 4506 ιν
2012 4489 2142 4544 ceps
2167 4483 2223 4528 ct
2273 4472 2641 4537 Naburianus,
2686 4470 2892 4540 quibus
2931 4467 3168 4523 Sudinus
3218 4478 3588 4533 accensetur;

2011 4581 2204 4620 verum
2236 4565 2399 4619 etiam
2436 4563 2682 4620 Seleucus
2715 4563 2966 4618 Seleucia
3015 4560 3286 4616 oriundus
3314 4567 3401 4614 est
3448 4575 3590 4628 quo-

2013 4672 2120 4726 que
2147 4655 2452 4711 Chaldaeus.
2488 4656 2562 4708 Ex
2588 4672 2649 4709 ea
2674 4665 2836 4724 gc‘ite
2882 4670 3114 4724 magnus
3151 4652 3419 4707 Abraham
3455 4650 3585 4703 olim

2014 4758 2168 4803 ortus
2203 4748 2371 4804 Deum
2410 4750 2644 4803 universi
2676 4757 3010 4808 creatorem,
3039 4763 3102 4800 ex
3154 4745 3342 4808 variis,
3377 4760 3498 4814 qua:
3532 4747 3588 4798 in
3640 4804 3655 4807 _

2014 4848 2161 4895 terra
2191 4847 2247 4894 et
2274 4840 2408 4894 mari
2435 4850 2741 4895 cernuntur
2779 4840 3168 4901 attentionibus
3191 4849 3248 4893 et
3281 4837 3592 4908 proprieta—

2016 4932 2181 4994 tibus.
2215 4948 2395 5003 exque
2426 4934 2705 4995 omnibus.
2736 4949 2858 5002 quae
2887 4934 3037 4988 circa
3082 4932 3252 4987 solem
3304 4938 3362 4985 et
3400 4931 3589 4984 lunam

2013 5034 2071 5080 et
2099 5025 2300 5080 caelum
2340 5026 2620 5091 accidunt,
2660 5026 3040 5081 ratiocinando
3074 5026 3286 5095 primus
3308 5026 3587 5094 cognovit,

2015 5117 2080 5171 ad
2113 5133 2298 5187 quem,
2337 5134 2463 5173 cum
2500 5128 2725 5176 vocaret
2750 5120 2952 5188 ipsum,
2989 5119 3153 5173 celeri
3188 5132 3351 5171 cursu
3405 5130 3592 5170 acces-

2016 5211 2109 5277 sit,
2132 5222 2188 5266 et
2217 5211 2270 5265 in
2305 5210 2603 5282 Egyptum
2657 5212 3026 5267 deducentem
3079 5221 3302 5265 secutus
3336 5219 3439 5265 est.
3484 5210 3589 5266 Ubi

2017 5317 2142 5356 cum
2168 5299 2566 5373 Egyptiorum,
2593 5303 2686 5371 qui
2713 5301 3457 5357 consuetudinibusdiversis
3477 5314 3595 5357 stu-

2018 5392 2236 5456 dentes,
2288 5392 2642 5462 invicemque
2673 5391 2767 5445 alii
2806 5392 3043 5446 aliorum
3108 5390 3256 5469 leges
3307 5390 3595 5459 despectui

2017 5483 2307 5548 habentes,
2333 5483 2541 5538 mutuis
2573 5484 2719 5538 inter
2752 5500 2809 5538 se
2836 5484 2982 5538 odiis
3015 5494 3070 5538 ct
3091 5483 3395 5537 inimicitiis
3414 5492 3595 5537 certa-

2020 5574 2168 5641 bant,
2198 5574 2389 5630 fuisset
2419 5575 2844 5646 sapientissimis
2882 5590 3232 5646 congressus,
3275 5585 3594 5629 aversatus-
