4074 6544
440 385 577 451 1089

1308 383 1613 446 NICEPH.
1647 382 2036 444 GREGOll/E
2070 384 2500 446 ALL’OCUTIO
2533 387 2632 447 AD
2672 390 2826 449 IMP.

3542 393 3715 457 1070“

439 498 536 552 νῦν
585 498 925 568 εὐφροσύνης
960 498 1206 569 μακροὺς
1238 498 1586 567 ἀναπέμπειν
1626 496 1753 559 τοὺς
1797 494 2005 563 ὕμνους
2036 498 2077 555 Λ
2112 498 2160 549 οἱ
2193 497 2247 550 δὲ
2275 499 2338 552 τδ
2362 499 2463 568 τῆς
2484 500 2722 563 διανοίας
2757 500 2851 565 όξύ
2872 501 2964 556 καὶ
2993 501 3393 573 τελεσιουργὸν,
3416 507 3508 559 καὶ
3531 507 3680 570 ὅπως

439 590 770 658 ἐπείγονται,
795 591 893 644 καὶ
921 592 1121 662 σκιρτᾷ
1151 591 1251 643 καὶ
1300 590 1484 660 χαίρει
1529 589 1622 641 τὸν
1659 588 1861 658 ὡραῖον
1906 588 2007 657 τῆς

439 683 706 755 εὐθυμίας
757 683 962 753 χιτῶνα
1009 684 1072 736 τδ
1122 682 1232 735 τῶν
1283 682 1494 734 πόλεων
1566 678 2006 749 ἀμφιεννύμενον

442 775 753 845 πρόσωπον.
783 775 856 828 Σὺ
882 776 991 844 γὰρ
1012 771 1064 828 εἳ
1100 774 1197 828 καὶ
1219 773 1488 841 ζωογόνος
1518 772 1627 825 τῶν
1662 771 2007 842 πραγμάτων

440 868 640 937 καρδία
679 869 774 920 καὶ
822 868 1006 934 τεῖχος
1043 866 1141 920 καὶ
1177 864 1428 935 θεμέλιος
1478 866 1576 918 καὶ
1621 861 1854 923 πλοῦτος
1900 862 2007 915 τῶν

441 957 672 1020 πόλεων,
701 958 799 1009 καὶ
845 956 982 1026 πρὸς
1031 955 1091 1008 σὲ
1127 953 1438 1024 βλέπουσιν,
1492 953 1625 1006 ὅπου
1658 967 1764 1021 περ
1819 950 1886 1004 ἂν
1915 946 2007 1020 ᾖς,

439 1041 630 1113 ὥσπερ
657 1043 725 1097 τὰ
748 1043 849 1111 τῆς
879 1044 984 1111 γῆς
1024 1043 1384 1113 βλαστήματα
1418 1042 1557 1112 πρὸς
1584 1041 1759 1111 ἥλιον.
1791 1039 1934 1092 Ἀλλ’
1957 1040 2007 1093 οἱ

442 1130 544 1201 μὲν
570 1132 724 1199 σοφοί
754 1149 831 1184 τε
858 1132 955 1186 καὶ
979 1133 1198 1203 ἐλληνες
1228 1132 1380 1200 λόγοι
1402 1129 1473 1185 τά
1501 1148 1561 1184 τε
1597 1129 1734 1184 ἄλλα
1773 1131 1868 1184 καὶ
1911 1129 2009 1182 Ἦ-

443 1222 647 1292 ρακλέα
668 1224 763 1279 τὸν
793 1224 939 1277 πάνυ
974 1222 1315 1292 παμπόλλων
1346 1221 1655 1291 ἀνθρώπων
1681 1222 1780 1275 καὶ
1800 1218 2008 1273 πόλεων

439 1316 742 1387 εὐεργέτην
793 1316 1147 1370 καταστάντα
1191 1314 1326 1383 φασὶ
1373 1312 1622 1382 μεγάλης
1660 1314 1762 1381 τῆς
1809 1308 2009 1366 ἑαυτοῦ

439 1410 598 1478 δόξης
645 1409 927 1479 ἐμπλῆσαι
973 1409 1095 1476 τήψ
1134 1424 1194 1460 τε
1256 1407 1489 1461 Ἐλλάδα
1550 1406 1644 1460 κἀὶ
1695 1407 1847 1466 ὅσαις
1913 1404 2011 1473 τῆς

452 1501 702 1564 Ἑλλάδος
734 1501 993 1553 ἐπέκεινα
1026 1497 1216 1551 πόλεσι
1270 1498 1363 1550 καὶ
1394 1496 1602 1568 χώραις
1648 1495 1758 1549 ἔδει
1791 1496 1891 1565 τῆς
1915 1494 2014 1548 αὐ-

441 1588 535 1642 τοῦ
561 1588 813 1660 βοηθείας
835 1604 850 1620 '
883 1587 1254 1640 ἐπελαύνοντα
1280 1588 1392 1657 γάρ
1416 1586 1705 1656 καθαίρειν
1727 1584 1763 1639 δι
1791 1585 1889 1652 τῆς
1908 1585 2014 1653 γῆς

444 1680 660 1750 ἐκείνης
715 1678 912 1747 ἐφύετο
966 1679 1254 1747 νοσήματα
1307 1677 1402 1731 καὶ
1463 1677 1778 1747 ὑϐρίσματα
1840 1676 2012 1731 ὁπόσα

444 1771 790 1840 γεωργοῦσιν
824 1773 1010 1838 ἄγριοι
1040 1768 1208 1837 θῆρες
1239 1770 1336 1822 καὶ
1374 1768 1533 1830 πόδες
1593 1768 1825 1838 λῃστῶν.
1869 1767 2012 1821 Ἀλλ’

2119 588 2413 643 ἀκόλουθον
2445 593 2507 644 τὸ
2532 592 2640 645 τῶν
2674 593 2902 661 ἀγώνων
2932 593 3105 662 πέρας
3134 597 3308 657 ποιεῖς
3332 598 3452 656 ταῖς
3497 597 3681 650 ἐπιδο-

2114 679 2233 742 λαίς
2261 680 2372 733 τῶν
2394 681 2581 751 ἀρχῶν
2604 697 2617 712 ο
2652 682 2875 748 φθάνεις
2904 683 3011 753 γὰρ
3044 682 3123 753 τῷ
3160 683 3312 753 τάχει
3342 684 3436 737 τοῦ
3482 685 3683 752 δρόμου

2114 771 2212 841 τὴν
2244 770 2344 842 σὴν
2381 773 2664 839 ἁγγ;λίαν,
2690 774 2787 827 καλ⁸
2828 772 2961 844 πρὶν
3006 774 3338 844 ἀκουσθῆναι
3366 775 3534 847 φαίνῃ
3579 794 3685 827 πα·-

2119 861 2234 930 ρὼν
2268 861 2361 915 καὶ
2390 864 2455 932 τῇ
2502 863 2747 933 αἱφνιδίᾳ
2789 880 2886 916 σου
2931 864 3210 935 παρουσίᾳ
3260 864 3328 917 τά
3379 862 3489 916 τῶν
3521 864 3686 916 πολε-

2120 947 2260 1017 μίων
2293 949 2518 1017 θραύεις
2549 951 2864 1020 σκέμματα.
2891 951 3047 1006 Οὕτω
3091 955 3218 1017 τοὺς
3241 953 3561 1023 Τριϐαλλῶν
3596 954 3688 1006 καὶ

2120 1040 2327 1093 Μυσῶν
2369 1040 2676 1112 ἐξέπληξας
2726 1045 3026 1113 ἡγεμόνας,
3068 1045 3427 1100 καθεύδουσιν
3456 1046 3690 1108 ἐπιστὰς

2118 1128 2376 1192 πολλάκις
2427 1135 2835 1205 ἀπροσδόκητος
2856 1135 3045 1208 ὥσπερ
3089 1154 3173 1200 τις
3222 1138 3462 1207 αἰθέριος
3493 1154 3689 1205 κεραυ-

2117 1223 2241 1285 νός*
2291 1223 2435 1277 οὕτω
2487 1223 2618 1278 Χίον
2665 1221 2827 1291 εἷλες,
2874 1226 3019 1280 οὕτω
3069 1228 3326 1283 Φώκαιαν
3382 1227 3690 1291 ἐδουλώσω,

2084 1313 2292 1391 ,οὕτως
2339 1315 2630 1385 Ἰλλυριοὺς
2677 1317 3043 1388 κατέδραμες,
3085 1318 3227 1370 οὕτω
3276 1319 3372 1372 νῦν
3422 1318 3691 1380 Αἰτωλοὺς

2119 1406 2214 1459 καὶ
2246 1406 2590 1476 Ἀκαρνᾶνας
2619 1409 2675 1471 ἐς
2734 1408 2794 1462 τὸ
2826 1411 3052 1479 ἀρχαῖον
3096 1410 3446 1479 ἐπανήγαγες
3504 1410 3692 1480 σχῆμα

2120 1501 2219 1568 τῆς
2256 1497 2551 1567 Ῥωμαίων
2597 1500 2899 1567 ἡγεμονίας
2927 1502 3027 1570 (Ι).
3105 1539 3122 1556 .
3202 1539 3216 1554 .
3300 1539 3313 1554 .
3394 1543 3407 1557 .
3486 1541 3500 1554 .
3582 1543 3595 1556 .
3678 1545 3691 1558 .

3378 1594 3473 1648 καὶ
3527 1593 3693 1663 ἄμφω

2120 1679 2189 1733 τὰ
2224 1685 2464 1750 στοιχεῖα
2496 1682 2788 1751 ἐμπλήσας
2835 1682 2931 1736 τοῦ
2963 1684 3263 1750 θαύματος.
3294 1686 3453 1752 Λέγω
3500 1683 3565 1753 δὴ
3596 1685 3694 1750 τὴν

2120 1770 2385 1825 διαϐᾶσαν
2422 1773 2481 1836 ἐξ
2512 1772 2697 1835 Ἀσίας
2732 1773 2854 1826 καθ’
2876 1775 3034 1843 ἡμῶν
3064 1776 3340 1844 Περσικὴν
3363 1776 3579 1845 ἐκείνην
3602 1776 3694 1828 καὶ

443 1867 630 1918 ἐκεῖνα
670 1865 822 1929 λόγοι
852 1864 964 1932 ἄρα
1007 1858 1149 1933 ἦσαν
1187 1861 1374 1931 μύθων
1404 1861 1734 1929 αὐτονομίαν
1766 1875 2015 1926 συνάγω·
2047 1842 2087 1895 Β
2118 1862 2396 1931 δύσμαχον
2423 1862 2654 1930 δύναμίν
2690 1880 2751 1916 τε
2792 1842 2903 1917 καί
2931 1842 3167 1931 ὅπλισιν,
3204 1866 3270 1936 ἢν
3298 1842 3492 1936 θήμέρᾳ
3526 1842 3695 1935 κατη-

443 1955 733 2025 νιζομένην
771 1953 1129 2016 πλουτοῦντες
1159 1953 1235 2015 ὡς
1256 1952 1324 2005 τὰ
1357 1950 1531 2004 πολλὰ
1576 1950 1670 2002 καὶ
1708 1951 1882 2020 ῥᾷστα
1911 1948 2012 2017 τὴν

444 2046 613 2117 ἀκοὴν
643 2045 1079 2105 ὐποκλέπτοντες
1103 2059 1119 2074 ο
1161 2042 1259 2097 νῦν
1306 2042 1352 2094 δ’
1382 2038 1524 2094 εἶδεν
1561 2039 1719 2092 ἄλλον
1748 2042 1783 2107 ἡ
1820 2038 2014 2100 Ἐλλάς

456 2139 734 2208 Ἠρακλέα
801 2140 883 2202 σὲ,
927 2138 1167 2206 πολυετῆ
1225 2135 1564 2204 καθαίροντα
1633 2133 1737 2202 γῆς
1792 2130 2011 2198 ἐκείνης

451 2231 730 2300 νοσήματα
749 2230 841 2283 καὶ
861 2228 1200 2298 ὑϐρίσματα,
1225 2227 1284 2280 οὐ
1315 2226 1476 2294 θέρος
1498 2224 1595 2278 καὶ
1612 2225 1713 2292 ἔαρ
1736 2225 1815 2285 εἰς
1832 2221 2014 2275 ὅπλων

443 2321 811 2392 περιμένοντα
862 2318 1075 2388 χρείαν,
1126 2316 1263 2370 ἀλλά
1314 2316 1509 2382 φύσεις
1541 2314 1700 2383 ὡρῶν
1748 2313 1842 2365 καὶ
1872 2328 2015 2365 στοι-

443 2415 608 2484 χείων
650 2409 1105 2481 καινοτομοῦντα,
1140 2409 1235 2461 καὶ
1292 2408 1450 2477 θέρος
1486 2406 1584 2475 μὲν
1616 2403 1919 2474 ἡγούμενον
1952 2401 2013 2453 τὺ

442 2504 554 2558 τῶν
607 2504 895 2574 χειμώνων
923 2501 1118 2571 ψῦχος,
1144 2500 1361 2569 τρυφὴν
1407 2499 1465 2552 δὲ
1494 2498 1596 2566 τὴν
1647 2497 1889 2560 ἀσιτίαν,
1921 2495 2016 2549 καὶ

446 2595 615 2648 ὕπνον
647 2595 749 2664 μὲν
776 2593 875 2663 τὴν
908 2592 1241 2661 ἀγρυπνίαν,
1266 2589 1609 2652 ἀναπαύσεις
1640 2588 1694 2641 δὲ
1727 2585 2015 2657 βασιλικὰς

445 2687 544 2739 καὶ
572 2683 853 2756 ῥᾳθυμίας
879 2683 942 2736 τδ
975 2681 1414 2746 διανυκτερεύειν
1467 2680 1680 2750 αἴθριον
1710 2680 1806 2731 καὶ
1835 2678 2017 2737 πόνοις

449 2776 600 2838 ἰδίοις
652 2774 730 2844 τῷ
786 2773 955 2843 κοινῷ
998 2773 1099 2842 τὴν
1134 2773 1406 2840 ὠφέλειαν
1438 2769 1778 2840 παρέχεσθαι
1830 2768 2017 2822 καὶτὸ

451 2867 718 2937 μηδαμῶς
771 2866 895 2926 τούς
929 2862 1221 2924 πλείστους
1264 2862 1632 2933 περιδρόμους
1671 2859 1869 2927 τρέψαι
1898 2855 2019 2927 βού-

447 2954 634 3006 λεσθαι
664 2953 801 3021 πρὸς
832 2953 1069 3020 ἠρεμίαν
1104 2950 1212 3003 οὐδ’
1244 2951 1343 3019 ὀψὲ
1373 2951 1468 3003 τού
1504 2951 1720 3018 χρόνον,
1748 2947 1884 3001 ἀλλὰ
1924 2947 2018 2997 πό-

445 3060 557 3107 νοις
588 3044 783 3106 πόνους
817 3042 1107 3113 ἐπιφέρειν
1127 3041 1222 3095 καὶ
1245 3040 1521 3111 διαδόχους
1544 3039 1769 3107 ἀγώνων
1800 3036 2018 3103 ἀγῶνας

446 3135 712 3187 δεικνύειν
744 3133 885 3187 κατὰ
909 3134 970 3185 τὸ
1000 3132 1242 3202 συνεχὲς,
1270 3130 1654 3201 ἠπειρωτικῶν
1683 3128 1782 3199 μὲν
1816 3127 2017 3181 θαλασ-

450 3223 944 3291 σίους,.θαλασσίων
971 3222 1018 3277 δ’
1043 3222 1111 3278 αὖ
1130 3222 1553 3293 ἠπειρωτικούς.
1580 3222 1693 3275 Καὶ
1714 3219 1824 3273 τῶν
1844 3219 2021 3271 τοιού-

447 3332 556 3367 των
588 3314 817 3382 ἀγώνων
845 3315 893 3367 οἱ
916 3314 1016 3383 μὲν
1038 3313 1097 3366 τὸ
1123 3312 1325 3382 πλῆθος
1352 3311 1747 3379 θαυμάζουσιν,
1770 3310 1821 3362 οἱ
1841 3309 1898 3362 δὲ
1923 3309 2023 3377 τὴν

454 3403 759 3475 συνέχειαν,
809 3403 904 3456 καὶ
930 3404 980 3456 ei
1006 3404 1105 3472 μὲν
1133 3405 1195 3456 τδ
1240 3404 1350 3456 τῶν
1385 3404 1603 3472 δρόμων
1636 3400 2025 3471 ἀγχίστροφον,

453 3579 767 3640 civitatibus
822 3599 1074 3639 securum
1142 3584 1548 3639 fundamentum
1593 3592 1648 3637 ct
1685 3597 1815 3652 opes
1846 3584 2032 3637 firmas

452 3685 715 3747 praestas;
779 3675 832 3728 in
894 3685 946 3728 te
1009 3674 1208 3743 igitur,
1262 3673 1569 3742 ubicunque
1632 3672 1754 3734 sis,
1814 3686 2026 3736 omnes,

454 3765 801 3834 sicutplautae
844 3765 1012 3818 solem
1046 3777 1263 3828 versus,
1281 3761 1597 3835 respiciunt.
1623 3761 1688 3815 Et
1717 3760 2027 3816 Grmeorum

454 3856 673 3925 quidem
713 3857 887 3908 docta:
913 3853 1208 3908 relationes
1232 3852 1516 3907 Herculem
1549 3851 1902 3920 plurimarum
1930 3867 2029 3905 na-

456 3949 667 4003 tionum
718 3947 1108 4012 civitatumque
1157 3943 1557 4000 benefaeterem
1607 3941 1777 3997 fuisse
1807 3957 1872 3996 ac
1931 3959 2028 3996 no-

458 4036 618 4091 minis
674 4036 758 4090 sui
818 4034 958 4088 fama
1013 4034 1277 4089 Grmeiam
1332 4032 1625 4102 replet'isse
1701 4042 1759 4089 et
1830 4032 2029 4088 vicinis

457 4129 709 4198 gentibus
757 4127 958 4181 auxilio
1022 4126 1196 4181 fuisse
1253 4125 1417 4180 fidem
1458 4124 1665 4180 faciunt
1696 4164 1710 4188 ,
1761 4123 2027 4195 siquidem

462 4232 676 4283 terras,
741 4233 877 4288 quas
936 4218 1111 4282 adiit,
1164 4218 1371 4273 morbis
1443 4232 1509 4273 ac
1560 4217 1800 4272 ferarum
1863 4218 2025 4272 latro-

459 4328 697 4383 numque
724 4313 931 4382 injuriis
966 4312 1224 4367 liberarit.
1262 4310 1368 4366 Sed
1402 4311 1517 4365 ista:
1561 4312 1756 4367 fabulae
1808 4313 1911 4368 fide
1948 4313 2028 4367 le-

2121 1951 2338 2014 γωνίσω
2396 1952 2518 2020 μιᾷ,
2548 1952 2842 2014 πλείστους
2898 1952 3002 2021 μὲν
3059 1954 3287 2019 ἀνελὼν,
3357 1956 3574 2018 πλείους
3638 1956 3694 2007 δὲ

2120 2040 2330 2104 ζῶντας
2356 2040 2515 2099 ἐλῶν.
2565 2042 2672 2095 Καὶ
2721 2043 2759 2096 ὃ.
2798 2043 2968 2096 πάλαι
3014 2044 3389 2112 Θεμιστοκλέα
3414 2045 3694 2112 ἀκούομεν

2121 2134 2180 2196 ἐξ
2224 2133 2479 2200 ’Δττικῆς
2531 2133 2627 2186 καὶ
2679 2134 2997 2186 Παυσανίαν
3047 2135 3113 2188 ἐκ
3173 2136 3585 2207 Λακεδαίμονος
3639 2138 3696 2189 ἐν

2124 2221 2296 2292 ἱκανῷ
2328 2222 2660 2291 διαστήματι
2686 2223 2881 2292 χρόνου
2931 2222 3028 2276 δύο
3055 2225 3460 2293 μερισαμένους
3490 2226 3696 2295 στήσα-

2125 2313 2245 2364 σθαι
2268 2313 2506 2381 τρόπαια
2539 2313 2680 2366 κατά
2703 2314 2814 2367 τῶν
2856 2314 2998 2383 μετὰ
3042 2313 3246 2384 Ξέρξου
3291 2315 3542 2383 Περσῶν,
3572 2345 3641 2354 —-
3668 2319 3697 2367 ὁ

2126 2406 2224 2473 μὲν
2252 2405 2362 2473 γὰρ
2391 2406 2446 2457 ἐν
2464 2407 2577 2467 τοῖς
2608 2405 2740 2475 περὶ
2763 2405 3046 2474 Σαλαμῖνα
3073 2408 3282 2469 στενοῖς
3305 2407 3403 2477 τὴν
3432 2407 3697 2476 ναυτικὴν

2124 2496 2349 2548 ἐκείνων
2383 2496 2753 2551 κατεδὰπτισε
2806 2496 3059 2566 δύναμιν,
3091 2501 3120 2551 ὁ
3150 2498 3207 2551 δὲ
3259 2503 3388 2568 περ)⁸
3439 2499 3698 2553 Βοιωτίαν

2124 2590 2193 2638 τὰ
2224 2586 2644 2656 περιλειφθέντα
2672 2587 2772 2640 σὺν
2811 2588 3106 2659 Μαρδονίῳ
3157 2590 3501 2659 στρατόπεδα
3535 2607 3700 2642 κατε-

2124 2678 2444 2748 τροπώσατο
2467 2708 2538 2721 --
2559 2679 2733 2732 ταῦτα
2758 2679 2824 2732 σὺ
2857 2678 3069 2748 βέλτιον
3101 2681 3159 2732 ἐν
3190 2682 3374 2752 ἡμέρᾳ
3396 2682 3698 2750 διεπράξω

2130 2769 2227 2837 μιᾷ
2252 2767 2393 2821 κατὰ
2439 2767 2548 2820 τῶν
2575 2767 3015 2820 ἑπεισπεσόντων
3062 2768 3198 2837 ἡμῖν
3234 2768 3522 2835 αἰφνιδίως
3560 2769 3701 2839 Περ-

2133 2857 2262 2908 σῶν.
2292 2855 2432 2917 Τοὺς
2462 2856 2562 2924 μὲν
2593 2857 2702 2925 γὰρ
2755 2855 2970 2926 κύμασι
3030 2856 3124 2911 καὶ
3180 2857 3383 2927 ῥοθίοις
3428 2857 3702 2929 θαλάττης

2128 2948 2335 3010 ἔδωκας
2371 2947 2758 3017 βαπτίζεσθαι,
2796 2950 2921 3013 τοὺς
2952 2948 3009 3002 δὲ
3038 2949 3293 3019 καθάπερ
3332 2950 3613 3020 ἀστάχυας
3641 2951 3700 3003 ἐν

2127 3039 2240 3099 τοῖς
2293 3038 2579 3108 παραλίοις
2628 3039 2728 3110 τῆς
2775 3039 2999 3111 Θρᾴκης
3031 3040 3442 3111 κατέστρωσας,
3475 3041 3603 3104 τοὺς
3640 3040 3700 3094 δὲ

2127 3125 2347 3191 πλείους
2375 3128 2587 3192 ζῶντας
2614 3129 2916 3199 ἐχειρώσω,
2967 3130 3155 3200 ὥσπερ
3195 3133 3253 3185 ἐν
3283 3131 3504 3203 ἐξουσίᾳ
3545 3131 3702 3202 βασι-

2128 3217 2258 3287 λικῇ
2286 3220 2451 3288 τριχῇ
2508 3219 2690 3288 τὸτῆς
2726 3219 2885 3290 νίκης
2940 3220 3328 3290 διαιρούμενος
3379 3224 3697 3292 κράτιστον.

2130 3305 2305 3359 Πάλαι
2338 3307 2439 3376 μὲν
2469 3305 2562 3361 οὐν
2595 3308 2876 3380 ἐθαύμαζε
2915 3310 3086 3381 δῆμος
3120 3311 3389 3382 Ἐλλήνων
3426 3313 3703 3367 Ἀλκιϐιά-

2129 3393 2228 3465 δην
2261 3396 2472 3450 ἐκεῖνον
2527 3398 2620 3453 τὸν
2664 3400 3038 3471 Σωκρατικὸν,
3074 3403 3169 3456 τὸν
3218 3403 3491 3468 Κλεινίου,
3520 3404 3611 3458 τὸν
3642 3405 3700 3457 ἐν

2130 3574 2224 3630 alii
2264 3577 2604 3633 velocitatem
2637 3564 2694 3635 et
2737 3596 2966 3637 acumen
3019 3583 3220 3654 ingenii
3259 3586 3338 3641 tui
3376 3588 3719 3658 snsplciunt..

2132 3665 2266 3720 Nam
2318 3671 2493 3725 nuntii
2532 3670 2608 3724 tui
2640 3685 2802 3727 cursu
2847 3676 3265 3744 praevertuntur,
3307 3687 3364 3732 et
3400 3680 3578 3735 subita
3611 3690 3704 3735 tua

2133 3762 2422 3832 praesentia
2453 3763 2688 3817 hostium
2728 3766 3165 3821 machinamenta
3206 3769 3359 3823 irrita
3393 3770 3553 3827 facis.
3614 3771 3707 3828 Sic

2134 3848 2494 3906 Triballorum
2527 3853 2906 3925 Mysorumque
2948 3857 3116 3914 duces
3158 3864 3493 3918 conturbasti
3524 3904 3541 3926 ,
3602 3880 3705 3920 nec

2132 3941 2384 4009 opinatos
2425 3957 2519 3997 eos
2548 3942 2792 4003 fulminis
2836 3947 3010 4002 instar
3041 3950 3359 4006 adoriendo.
3393 3956 3486 4009 Sic
3526 3955 3704 4011 Chion

2130 4031 2345 4098 cepisti,
2378 4031 2456 4086 sic
2485 4031 2766 4089 Phocazam
2808 4036 3069 4107 subegiin
3088 4055 3104 4105 ;
3136 4039 3215 4094 sic
3244 4040 3517 4112 Illyricum
3549 4046 3707 4099 inva-

2131 4121 2284 4188 sisti;
2323 4123 2403 4177 sic
2435 4138 2606 4193 nuper
2620 4124 2816 4182 IEtelis
2834 4136 2998 4197 atque
3021 4128 3401 4190 Acarnanibus
3425 4137 3702 4205 antiquam

2134 4212 2502 4269 ltommnerum
2537 4215 2764 4272 formam
2798 4219 3074 4287 refecisti;
3106 4223 3186 4277 sic
3218 4232 3416 4279 terram
3448 4242 3723 4297 mareque.

2133 4304 2487 4373 stupefecisti.
2519 4305 2650 4362 Dico
2680 4309 2934 4377 equidem
2966 4314 3268 4368 exercitum
3316 4314 3477 4369 istum
3520 4317 3704 4373 Persi-

458 4404 647 4474 gitima
677 4415 928 4459 carentes
951 4417 1109 4459 aures
1154 4403 1532 4459 tantummodo
1577 4403 1819 4459 titillant.
1874 4404 1929 4459 In
1977 4416 2031 4459 te
2134 4411 2284 4455 Cum.
2314 4396 2407 4465 (ιυί
2448 4408 2639 4454 contra
2684 4414 2783 4454 ηοε
2810 4402 3014 4466 NOV“.
3052 4411 3105 4459 le
3134 4420 3241 4461 uno
3265 4406 3352 4462 die
3392 4387 3723 4479 aroﬂigasse:

462 4507 639 4551 autent
676 4495 887 4551 Graecia
934 4510 1134 4551 novum
1190 4496 1432 4564 possidet
1474 4493 1760 4550 Herculem
1795 4498 1885 4564 qui
1940 4512 2020 4552 re-

2134 4497 2189 4540 et
2243 4488 2441 4542 multos
2469 4497 2565 4543 aut
2604 4492 2907 4558 cecidisse,
2951 4497 3249 4552 autavivos
3287 4500 3514 4568 cepisse.
3549 4501 3707 4568 Quod

460 4589 672 4655 gionem
732 4588 890 4642 istam
926 4603 1032 4642 non
1091 4587 1297 4645 morbis
1342 4602 1407 4643 ac
1437 4587 1648 4658 injuriis
1681 4587 1897 4654 liberat,
1937 4591 2041 4660 qui,
2136 4578 2281 4631 enim
2298 4578 2426 4632 olim
2452 4579 2851 4637 Themistocles
2879 4599 2945 4639 ex
2972 4586 3170 4654 Attica,
3199 4597 3254 4644 et
3274 4589 3575 4649 Pausanias
3598 4594 3705 4647 La-

460 4695 625 4733 \‘t'l'llO
660 4693 821 4747 atque
854 4680 1044 4733 aestive
1077 4689 1321 4749 tempore
1363 4696 1470 4736 non
1499 4682 1566 4736 ad
1595 4695 1746 4735 arma
1776 4681 2029 4749 recurrit,

458 4770 553 4824 sed
577 4769 872 4823 stationum
901 4781 956 4822 et
980 4773 1371 4825 elementorum
1401 4781 1649 4826 naturam
1683 4771 2033 4838 reformavit;

459 4858 551 4927 qui
600 4857 771 4924 frigus
810 4857 1101 4911 hibernum
1134 4872 1230 4925 pro
1256 4869 1469 4921 amate,
1498 4858 1694 4914 famem
1725 4874 1824 4928 pro
1852 4862 2028 4914 abun-

460 4946 671 5011 dantia,
707 4945 977 4999 insomnia
1009 4959 1106 5010 pro
1131 4946 1314 5015 quiete
1354 4946 1541 5018 habes.
1596 4944 1677 5000 Tu
1725 4948 1771 5002 si
1804 4950 1904 5003 sub
1938 4949 2043 5003 die.

460 5044 771 5104 pernectas,
795 5036 939 5103 regia
979 5046 1029 5087 te
1060 5034 1338 5101 voluptate
1368 5033 1469 5089 frui
1502 5043 1694 5104 putas;
1724 5047 1778 5090 tu
1813 5040 2030 5107 propria

462 5128 744 5180 commoda
772 5125 1047 5180 communi
1090 5125 1306 5180 utilitati
1348 5127 1677 5194 postponis;
1700 5139 1753 5182 tu
1783 5130 2043 5187 cursibus,

467 5217 763 5272 laboriosis
779 5231 915 5270 nova
937 5216 1238 5270 certamina
1265 5227 1320 5270 et
1346 5215 1562 5272 labores
1575 5219 1746 5286 addis,
1776 5234 1875 5275 nec
1899 5232 2035 5274 tem-

463 5307 585 5376 peri
617 5320 718 5359 nce
744 5306 905 5360 rebus
934 5306 1224 5373 parcendo.
1263 5316 1317 5360 et
1354 5322 1558 5375 pugnas
1589 5315 1703 5361 tum
1731 5310 2031 5364 maritimas

464 5413 588 5452 cum
623 5407 907 5452 terrestres
941 5396 1151 5451 ciendo.
1207 5394 1273 5449 Et
1319 5399 1506 5451 herum
1536 5400 1752 5466 quidem
1779 5403 2032 5456 certami-

472 5503 598 5541 num
628 5487 718 5540 alii
751 5485 1174 5549 multitudinem,
1209 5485 1302 5540 alii
1325 5486 1686 5556 frequentiam
1716 5491 2020 5559 mirantur;

534 5620 610 5688 (Ι)
641 5620 774 5685 Qua:
810 5631 930 5696 post
958 5636 1013 5696 Υ,
1049 5622 1348 5691 ἡγεμονίας
1379 5622 1635 5696 leguntur
1671 5642 1843 5696 usque
1876 5629 1941 5682 ad
1979 5647 2027 5685 ν.

464 5707 753 5768 κρατιστον
801 5691 1084 5768 (Ιίιιηιὸί),
1143 5693 1481 5768 immergine
1529 5691 2030 5768 demum—apposite

467 5775 623 5831 signo
653 5763 865 5816 addidit
895 5762 1173 5817 librarius.
1209 5763 1341 5817 Dedi
1381 5780 1496 5831 qua:
1534 5766 1635 5833 legi
1668 5762 2028 5832 adnue-pete-

2132 4674 2441 4726 cettaemone
2471 4674 2674 4742 egressi
2724 4674 2992 4744 fecerunt,
3024 4680 3130 4734 duo
3183 4681 3253 4737 de
3308 4681 3484 4740 Xerxe
3535 4685 3725 4742 Persa.

2135 4772 2339 4831 tropica
2368 4765 2647 4834 eligendo,
2675 4792 2750 4807 -ο
2778 4784 3009 4838 quorum
3040 4787 3181 4830 unus
3222 4775 3439 4844 quidem
3474 4777 3703 4832 classem

2137 4852 2370 4908 hostium
2428 4856 2482 4910 iu
2539 4855 2682 4931 freto
2706 4859 2947 4917 Baetice
2985 4862 3202 4929 delevit,
3250 4867 3387 4922 alter
3437 4878 3620 4923 castra
3673 4885 3703 4923 ιι

2138 4943 2422 5000 Mardonie
2461 4947 2650 5004 relicta
2688 4953 2853 5021 cepit,
2885 4954 3038 5009 --id
3089 4964 3145 5008 tu
3204 4958 3395 5014 melius
3454 4973 3562 5015 una
3620 4962 3707 5017 die

2137 5033 2338 5100 fecisti,
2372 5037 2590 5105 Persas,
2630 5042 2722 5109 qui
2759 5054 2972 5099 nosmet
3000 5047 3240 5115 aggressi
3270 5047 3515 5113 fuerant,
3552 5051 3703 5104 subi-

2138 5126 2339 5195 gendo.
2368 5127 2517 5184 Alios
2557 5130 2701 5184 enim
2748 5132 2906 5189 undis
2961 5150 3024 5188 ac
3085 5138 3339 5193 lmetibus
3390 5142 3558 5194 maris
3609 5141 3707 5194 itn~

2136 5219 2397 5286 mersisti,
2430 5221 2568 5278 alios
2596 5232 2656 5278 ut
2685 5225 2926 5283 calamos
2966 5230 3029 5282 ad
3063 5227 3106 5283 Τ
3113 5231 3313 5286 hraeia:
3358 5232 3535 5287 littora
3566 5244 3707 5289 stra-

2137 5310 2282 5377 visti,
2337 5312 2727 5370 aliosnumcre
2760 5317 2945 5386 plures
3003 5322 3155 5377 vivos
3203 5323 3418 5391 cepisti,
3481 5325 3563 5379 sic
3609 5340 3707 5394 pro

2138 5403 2281 5472 regia
2337 5409 2428 5459 tua
2477 5417 2746 5474 potestate
2787 5411 2986 5482 triplici
3023 5414 3245 5470 victoria
3295 5417 3539 5473 functus.
3567 5419 3707 5472 Olim

2138 5496 2351 5561 quidem
2383 5498 2553 5554 (ἔτωεί
2587 5501 2921 5559 Alcibiadem
2951 5506 3099 5560 illum
3134 5506 3708 5575 Socraticum,Cliniat

2138 5643 2303 5700 rant;
2352 5637 2612 5693 nonnulla
2645 5641 2791 5697 enim
2820 5643 2885 5697 ab
2920 5642 3291 5718 ittilinirccisil
3330 5648 3690 5718 bibliepcgus.

3084 5717 3287 5771 Eetion
3321 5717 3634 5774 LleiLNSlS.
