4020 6506
544 401 613 466 11
1745 396 2159 466 ΝῙΟΕΙἮΟΒΙ
2199 404 2573 466 ΟΠΕΟΟΒΙΕ

3723 397 3797 460 12

548 520 664 564 tum
697 509 924 587 Tarsum
954 525 1065 580 pra:
1095 511 1308 565 exteris
1337 511 1629 580 egregiam,
1670 508 1760 563 ubi
1791 510 1956 563 etiam
1995 509 2100 564 An-

2208 512 2383 564 όπίσω
2423 511 2600 565 ἀπιὼν
2636 511 2692 574 ἐς
2725 510 3000 577 Κιλικίαν,
3025 510 3227 574 θέσεως
3273 510 3503 580 ἔχουσαν
3535 506 3792 577 εὐφυῶς,

551 603 766 657 tiochiaa
806 602 1111 670 patsiarcha
1146 602 1468 672 plerumque
1502 601 1686 657 sedem
1722 616 1873 655 suam
1915 599 2104 656 habet.

549 693 685 746 lluic
713 693 858 746 enim
891 693 1012 747 urbi
1055 709 1179 748 eum
1212 693 1330 748 alia:
1382 692 1726 747 amoenitates
1757 700 1921 763 atque
1952 707 2107 746 com-

550 783 705 836 moda
737 793 1054 851 suppetunt,
1096 794 1206 838 tum
1251 783 1471 853 Cydnus
1506 781 1705 836 {lumen
1741 782 1956 851 placide
1985 797 2106 838 eam

546 873 654 942 20
675 874 1068 943 praeterﬂuens,
1094 875 1147 928 in
1170 892 1280 945 quo
1309 874 1531 928 ﬂumine
1550 875 1858 928 Alexander
1879 875 2106 944 Magnus

547 966 663 1018 solo
693 967 808 1036 ejus
833 976 1055 1035 aspectu
1088 965 1390 1036 cupiditate
1439 964 1699 1020 incensus
1740 979 1862 1020 sese
1891 965 2105 1019 lavasse

546 1055 772 1106 dicitur.

2212 601 2469 670 πλείστην
2495 619 2552 654 τε
2596 600 2710 670 ἀμι
2736 603 2830 654 καὶ
2867 590 2987 656 λίαν
3019 601 3186 671 οὖσαν
3223 601 3520 669 εὐδαίμονα
3566 598 3798 668 χώραν.

2211 689 2338 742 ἔνθα
2378 689 2442 759 δὴ
2477 690 2567 742 καὶ
2617 689 2838 753 πολλαῖς
2893 692 3144 760 ἐνέτυχον
3179 690 3272 743 καὶ
3312 688 3502 751 ἄλλαις
3548 687 3798 756 πλησιο-

2209 780 2408 851 χώροις
2456 781 2714 852 ἀλλήλαις
2765 780 2986 834 πόλεσιν
3034 781 3289 848 ἀγαθαῖς,
3345 783 3413 849 τῇ
3471 763 3680 848 Ταρσῷ
3735 775 3800 828 δὲ

2213 873 2448 940 μάλιστα
2499 872 2710 935 πασῶν.
2833 875 2928 926 καὶ
2967 873 3282 943 πατριάρχη
3319 872 3396 939 τῷ
3441 866 3800 937 Ἀντιοχείας

2205 964 2574 1018 ἐνδιαιτᾶσθαι
2611 965 2678 1018 τά
2704 964 2872 1018 πολλά
2903 965 3263 1033 περιγίνεται.
3301 963 3383 1014 Τά
3417 979 3473 1013 τε
3506 959 3616 1027 γὰρ
3647 955 3798 1009 ἅλλα

2209 1055 2490 1131 περίεστιν
2549 1058 2687 1126 αὐτῇ
2739 1056 2976 1120 τάγαθὰ,
3022 1056 3140 1116 καὶ·-
3179 1053 3385 1115 Κύδνος
3449 1053 3477 1103 ό
3535 1045 3801 1112 ποταμὸς

544 1145 722 1213 ἡσυχῆ
757 1147 1121 1216 παραρρέων,
1155 1147 1212 1200 ἐν
1266 1140 1310 1214 ᾦ
1361 1147 1452 1200 καὶ
1505 1146 1850 1216 Ἀλέξανδρόν
1905 1161 2068 1214 φασιν
2108 1146 2310 1200 ἐκεῖνον
2366 1147 2456 1199 τὸν
2513 1149 2708 1217 μέγαν,
2755 1150 2834 1212 είς
2900 1133 3197 1212 ἐπ.θυμίαν
3231 1150 3294 1199 ἐκ
3323 1143 3493 1214 μόνης
3521 1140 3620 1212 τῆς
3653 1138 3797 1199 θέας

545 1225 863 1304 ἐληλυθότα,
897 1239 1212 1294 λούσασθαι.

615 1326 678 1380 11.
702 1327 837 1381 Cum
855 1345 984 1383 vero
1003 1329 1090 1384 ille
1111 1331 1421 1402 hujusmodi
1439 1331 1594 1401 plura
1615 1330 1820 1386 referre
1839 1331 1972 1385 mihi
1997 1331 2110 1385 vel-

546 1417 640 1481 let,
663 1417 919 1485 equidem
946 1434 1073 1473 eum
1104 1421 1462 1487 prohibebam
1491 1429 1544 1474 et
1574 1420 1913 1474 narrationis
1937 1419 2107 1488 hujus

546 1509 964 1564 continuatione
997 1512 1166 1566 incisa
1197 1513 1264 1566 ab
1295 1527 1361 1566 eo
1392 1511 1642 1582 petebam
1665 1553 1680 1577 ,
1710 1521 1768 1565 ut
1799 1511 1866 1566 ad
1895 1525 2107 1566 sermo-

544 1616 669 1653 nem
699 1616 956 1658 reversus
980 1603 1341 1672 responderet
1369 1604 1501 1658 mihi
1533 1604 1890 1674 interroganti
1917 1603 1983 1656 de
2010 1617 2106 1671 pa-

547 1690 806 1743 triarchis
833 1699 890 1743 et
922 1690 1202 1758 episcopis
1222 1731 1236 1755 ,
1267 1691 1363 1759 qui
1394 1690 1515 1745 illas
1545 1689 1862 1764 provincias
1889 1688 2104 1743 ratione

541 1780 814 1832 sanctiore
853 1780 1196 1849 gubernandi
1238 1792 1402 1850 atque
1443 1768 1868 1835 administrandi
1902 1794 2104 1834 munus

2281 1325 2354 1395 B'.
2396 1327 2632 1379 Ἐκεῖνον
2660 1326 2704 1378 δ’
2752 1326 2830 1378 ἔτι
2867 1326 2960 1377 καὶ
3009 1325 3180 1376 πλείω
3229 1321 3454 1376 τοιαῦτα
3507 1323 3798 1385 συνείρειν

2209 1417 2532 1488 βουλόμενον
2570 1418 2742 1484 ἔγωγε
2788 1415 3050 1484 ἐπισχὼν,
3081 1416 3175 1467 καὶ
3218 1414 3277 1465 τὸ
3323 1418 3425 1481 τῆς
3469 1413 3795 1484 διηγήσεως

2204 1507 2387 1577 τεμὼν
2413 1507 2658 1576 συνεχὲς,
2690 1506 2982 1560 ἀναλαϐεῖν
3017 1507 3108 1559 τὸν
3138 1504 3294 1571 λόγον
3330 1505 3584 1557 ἐκέλευον
3614 1501 3791 1566 αὖθις

2213 1599 2311 1652 καὶ
2364 1597 2707 1668 ἀνερωτῶντί
2755 1613 2846 1665 μοι
2895 1595 3288 1666 ἀποκρίνεσθαι
3328 1595 3686 1664 πατριαρχῶν
3723 1610 3791 1646 τε

2209 1688 2336 1755 πέρι
2385 1687 2481 1739 καὶ
2520 1686 2856 1752 ἐπισκόπων,
2888 1684 3002 1739 ὅσοι
3044 1684 3248 1736 διέπειν
3293 1686 3387 1737 καὶ
3424 1683 3647 1736 διοικεῖν
3676 1684 3790 1746 τὰς

2210 1779 2480 1850 ἐπαρχίας
2531 1778 2747 1839 ἐκείνας
2805 1776 2899 1830 τὸν
2961 1775 3249 1847 ἱερώτερον
3302 1775 3494 1844 ἔλαχον
3544 1775 3788 1845 τρόπον.

540 1869 724 1922 sortiti
763 1880 969 1924 essent.
1014 1870 1227 1924 llomini
1269 1881 1451 1925 autem
1481 1871 1642 1926 valde
1674 1871 2010 1924 oblivionem
2045 1871 2097 1921 in

2206 1871 2313 1923 Καὶ
2342 1870 2672 1940 ἐμεμφόμην
2700 1868 2956 1929 ἐπιεικῶς
2979 1868 3077 1935 τῆς
3110 1867 3280 1934 λήθης
3327 1867 3417 1920 τὸν
3466 1867 3658 1937 ἄνδρα,
3691 1868 3786 1920 ὅτι

543 1960 899 2028 opprobrium
938 1960 1110 2025 verti,
1146 1961 1289 2029 quod
1330 1975 1416 2014 res
1451 1960 1674 2028 quidem
1708 1975 1817 2014 non
1853 1960 1928 2014 ita
1964 1959 2101 2013 mihi

544 2049 731 2101 auditu
785 2050 1126 2103 necessarias
1175 2065 1398 2104 narrare
1445 2059 1554 2104 tam
1601 2051 1766 2105 enixe
1813 2049 2098 2111 studeret.

544 2140 859 2194 memoriam
889 2149 1070 2194 autem
1104 2155 1293 2194 earum
1330 2156 1510 2195 rerum
1534 2180 1549 2204 ,
1579 2157 1704 2210 qua:
1733 2141 1893 2195 nobis
1925 2141 2098 2193 maxi-

543 2245 628 2283 me
659 2232 1054 2300 cognoscendae
1088 2229 1273 2286 essent
1302 2239 1358 2286 et
1388 2247 1524 2301 quas
1561 2232 1780 2302 pietatis
1811 2245 1974 2286 causa
2004 2245 2101 2283 ve-

541 2334 702 2387 spera
738 2329 795 2373 et
834 2335 994 2374 mane
1030 2329 1086 2373 et
1119 2319 1347 2374 meridie
1380 2317 1573 2373 audire
1603 2318 1819 2372 dulcius
1849 2317 1982 2370 mihi
2015 2317 2099 2369 vi-

541 2411 764 2466 deretur
801 2426 964 2480 quam
1004 2411 1049 2464 si
1092 2411 1318 2466 Crtesus
1350 2409 1534 2481 Lydus
1565 2408 1684 2462 auri
1722 2409 1854 2462 mihi
1887 2406 2102 2462 modios

536 2502 855 2572 largiretur,
873 2502 1151 2556 oblivione
1174 2500 1603 2570 proluudissima
1626 2494 1919 2564 obruisset,
1942 2497 2100 2568 quasi

543 2611 652 2647 non
695 2593 812 2664 ipse
848 2603 994 2648 esset
1034 2593 1116 2657 is,
1157 2594 1250 2662 qui
1293 2591 1511 2646 initium
1550 2605 1774 2644 suarum
1824 2590 2099 2643 narratio-

543 2699 675 2738 num
721 2683 790 2738 ab
831 2683 1088 2737 Ecclesia:
1136 2682 1437 2750 naufragiis
1486 2680 1761 2743 duxisset,
1807 2678 1954 2748 quod
1999 2692 2100 2746 pro

541 2776 734 2844 patriis
767 2774 1051 2844 religionis
1087 2773 1355 2827 institutis
1391 2772 1621 2826 Palamze
1654 2787 1792 2826 nova
1833 2781 1997 2840 atque
2037 2771 2101 2823 il-

543 2866 783 2935 lcgitima
835 2867 1089 2934 dogmata
1143 2865 1385 2932 irrepere
1432 2862 1662 2917 vidisset
1707 2861 1873 2931 idque
1921 2862 2098 2930 ipsum

540 2972 642 3024 pro
681 2970 844 3009 causa
884 2953 1264 3008 conversionis
1302 2969 1488 3007 rerum
1526 2952 1872 3022 publicarum
1909 2952 1964 3005 in
2006 2951 2102 3006 de-

541 3047 800 3100 tcriorem
843 3045 1214 3099 conditionem
1255 3059 1476 3114 sumque
1523 3043 1906 3099 involuntarite
1959 3041 2100 3112 fugat

540 3138 842 3191 habuisset.
898 3132 1203 3202 Quamnam
1250 3150 1380 3190 vero
1418 3136 1613 3198 aliam,
1655 3134 1913 3201 inquam,
1953 3133 2097 3201 Opti-

541 3245 627 3282 me
683 3229 986 3282 am‘icorum
1043 3225 1446 3296 Agathangele,
1497 3224 1740 3279 debebas
1795 3223 2097 3292 colligere?

538 3330 702 3383 quam
755 3315 916 3389 aliam
960 3313 1330 3366 narrationem
1384 3312 1486 3366 hac
1519 3313 1622 3381 21
1659 3312 2098 3381 praestantiorem

538 3417 707 3474 atque
760 3405 1142 3474 pretiosiorem
1185 3403 1415 3472 putabas
1455 3403 1589 3457 mihi
1629 3403 1974 3457 extrinsecus
2017 3401 2098 3455 af-

541 3497 687 3550 lerrc
737 3497 939 3565 posse?
975 3495 1120 3564 quod
1175 3495 1322 3549 aliud
1374 3495 1753 3563 pulcherrima:
1804 3493 2100 3562 voluptatis

541 3588 920 3655 adjumentum
967 3585 1172 3639 nostris
1208 3585 1566 3654 popularibus
1603 3585 1966 3639 orthodoxam
2007 3583 2098 3637 hic

540 3677 699 3731 ﬁdem
735 3678 1063 3732 tuentibus?
1104 3677 1206 3741 Qui
1251 3676 1472 3745 quidem
1516 3675 1700 3730 cuncti
1735 3676 2098 3732 vehementer

537 3768 766 3836 cupiant
788 3767 931 3820 seire
950 3809 964 3829 ,
993 3767 1270 3836 quomodo
1302 3776 1464 3821 tantae
1497 3766 1824 3821 calamitatis
1845 3804 1861 3830 ,
1894 3772 2097 3834 quanta

541 3860 636 3913 Dei
662 3859 904 3932 Ecclesia
932 3858 1129 3913 adﬂicta
1152 3869 1233 3911 est
1254 3899 1267 3922 ,
1298 3858 1436 3911 fama
1464 3858 1680 3912 illorum
1711 3858 1878 3912 animi
1912 3855 2095 3912 aﬂ‘ecti

540 3948 747 4004 fuerint
781 3964 902 4002 cum
927 3948 1144 4018 scriptis
1179 3948 1505 4002 monstrosis
1540 3948 1614 4012 ii,
1646 3948 1739 4016 qui
1772 3958 1885 4001 tum
1920 3948 2096 4001 domi-

539 4049 832 4107 nabantur,
860 4046 979 4115 pios
1003 4044 1256 4098 homines
1281 4053 1394 4097 toto
1419 4043 1552 4098 orbe
1579 4052 1844 4096 terrarum
1872 4041 1924 4096 in
1951 4042 2099 4095 frau-

542 4139 664 4191 dem
699 4137 960 4190 inducere
993 4137 1372 4189 adniterentur
1396 4134 1755 4202 untniumque
1779 4135 2095 4188 societatem

538 4238 698 4296 atque
733 4240 1064 4281 consensum
1096 4223 1253 4294 quasi
1299 4234 1562 4292 tropaeum
1606 4222 1880 4292 quoddam
1933 4233 2096 4277 tantae

543 4317 906 4382 improbitatis
938 4315 1044 4371 sibi
1079 4329 1271 4384 parare
1306 4314 1596 4368 ambitiose
1628 4316 1935 4368 studerent.

607 4406 699 4459 lll.
731 4404 884 4470 Quod
917 4415 1042 4456 eum
1079 4418 1178 4472 ego
1208 4403 1503 4461 dixissem,
1537 4402 1943 4470 Agathangelus
1973 4417 2092 4456 ser-

2205 1962 2312 2014 τῶν
2340 1961 2416 2031 μὴ
2448 1962 2588 2013 πάνυ
2615 1977 2665 2012 τι
2694 1960 3012 2025 ἀναγκαίων
3041 1958 3217 2026 ἔμοιγ’
3250 1957 3470 2010 ἀκούειν
3503 1959 3562 2009 ἐν
3597 1956 3785 2024 φρονέ

2202 2051 2307 2103 τίδι
2356 2050 2725 2118 ποιησάμενος
2767 2050 2832 2117 τῇ
2881 2047 3113 2119 μεγίστῃ
3145 2046 3420 2112 διεξιέναι,
3449 2041 3523 2099 ὧν
3554 2048 3687 2117 ἡμῖν
3717 2047 3786 2109 ἐς

2202 2141 2269 2194 τὰ
2303 2141 2523 2210 μάλισθ’
2573 2140 2783 2210 ὑπῆρχε
2829 2137 3126 2208 μανθάνειν
3172 2139 3408 2208 ἀνάγκη,
3453 2141 3548 2195 καὶ⁵
3575 2132 3650 2193 ὧν
3679 2139 3784 2191 εὖ-

2204 2231 2416 2294 σεσείας
2469 2231 2632 2283 ἓνεκα
2673 2230 2912 2298 ἑσπέρας
2954 2232 3046 2282 καὶ
3111 2229 3256 2298 πρωῒ
3290 2231 3384 2283 καὶ
3416 2229 3782 2299 μεσημϐρίας

2202 2321 2420 2376 ἀκούειν
2459 2321 2609 2391 ἥδιον
2654 2320 2830 2384 ἔδοξεν
2869 2319 2936 2372 ἀν
2984 2337 3074 2389 μοι
3121 2319 3154 2392 ἢ
3200 2320 3436 2392 Κροίσου
3470 2321 3565 2373 τοῦ
3594 2320 3781 2374 Λυδοῦ

2202 2414 2416 2485 χρυσῶν
2453 2431 2541 2481 μοι
2571 2415 2813 2484 χοίνικας
2861 2414 3260 2482 παρεχομένου,
3295 2413 3503 2494 τούτων
3535 2414 3580 2467 δ’
3607 2413 3781 2476 αὐτὸς

2201 2505 2298 2573 τὴν
2354 2504 2575 2574 μνήμην
2627 2504 2795 2572 λήθης
2848 2505 3082 2574 μακροῖς
3148 2505 3419 2574 πυθμέσιν
3472 2505 3776 2574 ἐκάλυψεν,

2201 2593 2390 2663 ὥσπερ
2419 2595 2485 2646 ἂν
2513 2595 2563 2646 εί
2583 2618 2587 2622 ·
2607 2594 2680 2663 μὴ
2713 2595 2875 2658 αὐτὸς
2903 2589 2970 2666 ἦν
2993 2596 3022 2648 ό
3056 2595 3318 2665 προοίμια
3347 2595 3457 2650 τῶν
3492 2595 3779 2666 σφετέρων

2203 2683 2500 2752 πεπραχὼς
2543 2681 2850 2752 διηγήσεων
2897 2683 2965 2736 τὶ
3015 2683 3114 2753 τῆς
3144 2683 3476 2751 Ἐκκλησίας
3509 2683 3774 2749 ναυάγια,

2198 2775 2280 2828 ὅτι
2310 2774 2416 2826 τῶν
2445 2773 2688 2841 πατρίων
2714 2773 2958 2843 νομίμων
2998 2775 3098 2845 τῆς
3126 2776 3407 2838 εὐσεϐείας
3436 2775 3776 2846 ἐπίπροσθεν

2199 2867 2266 2918 τὰ
2316 2863 2412 2917 τοῦ
2474 2864 2708 2933 Παλαμᾶ
2767 2865 2932 2918 καινά
2981 2881 3039 2917 τε
3084 2867 3176 2918 καὶ
3214 2865 3276 2935 [τ.
3306 2866 3376 2921 99
3415 2864 3470 2935 b]
3523 2864 3770 2935 ἔκθεσμα

2201 2956 2598 3024 παρεισρέοντα
2675 2955 2972 3022 πεφώρακε
3050 2955 3334 3024 δόγματα,
3399 2957 3495 3008 καὶ
3561 2955 3771 3026 ταύτην

2200 3046 2454 3108 ἐπιεικῶς
2507 3045 2689 3098 αίτίαν
2740 3043 3028 3114 τιθέμενος
3077 3045 3179 3115 τῆς
3229 3063 3287 3100 τε
3333 3048 3442 3101 τῶν
3475 3049 3776 3102 πολιτικῶν

2203 3139 2292 3191 ἐπὶ
2323 3138 2382 3191 τὸ
2419 3139 2602 3207 χεῖρον
2652 3137 2998 3206 πραγμάτων
3027 3139 3345 3209 ἀνατροπῆς
3375 3141 3468 3192 καὶ
3523 3143 3640 3210 ἅμα
3668 3145 3774 3213 τῆς

2202 3230 2450 3282 ἐντεῦθεν
2508 3227 2765 3282 ἀκουσίου
2820 3229 2998 3300 φυγῆς
3054 3231 3276 3286 ἑαυτοῦ.
3329 3233 3436 3285 Καὶ
3486 3233 3607 3286 τίνα
3657 3235 3769 3306 γὰρ

2201 3321 2368 3390 ἀλλην
2407 3321 2573 3390 ἐχρῆν
2619 3313 2679 3374 σε
2717 3324 3044 3389 συναγαγεῖν
3098 3324 3362 3394 ίστορίαν,
3399 3324 3642 3392 βέλτιστε
3677 3328 3770 3396 φί-

2200 3413 2603 3480 λων,έ;ρασκον,
2645 3412 3016 3480 Ἀγαθάγγελε
3044 3431 3058 3476 ;
3090 3413 3223 3466 Τίνα
3255 3414 3302 3466 δ’
3336 3416 3501 3483 ἀλλην
3531 3417 3768 3485 κρείττω

2201 3505 2294 3554 καὶ
2319 3503 2652 3574 τιμιωτέραν
2681 3502 2887 3572 ταύτης
2921 3504 3107 3574 ᾠήθης
3141 3507 3263 3576 ἐμαὶ
3298 3509 3514 3576 κομιεῖν
3538 3495 3762 3576 ἁφῆγηὲ

2203 3608 2288 3646 σιν
2327 3591 2546 3659 ἔξωθεν,
2599 3594 2692 3646 καὶ
2738 3596 2852 3665 ἅμα
2899 3596 3006 3646 τῶν
3048 3591 3340 3664 όρθοδᾶξων
3368 3599 3482 3660 τοῖς
3521 3599 3770 3651 ἐνταυθοῖ

2201 3681 2539 3750 πατριώταις
2605 3684 2798 3753 ἡδονῆς
2865 3685 2964 3752 τῆς
3036 3685 3323 3754 βελτίστης
3382 3689 3590 3753 ἐφόδια,
3644 3690 3766 3742 λξαν

2201 3773 2510 3839 ἐφιεμένοις
2556 3775 2722 3828 ἀπασι
2778 3777 2969 3844 μαθεῖν
3015 3776 3161 3838 ὅπως
3211 3779 3498 3839 κάκείνους
3535 3781 3565 3847 ἡ
3604 3784 3762 3851 φήμη

2201 3865 2308 3916 τῶν
2341 3859 2439 3918 ὧδε
2473 3865 2766 3935 συμφορῶν
2805 3866 2901 3934 τῆς
2935 3867 3028 3920 τοῦ
3073 3868 3206 3921 Θεοῦ
3252 3870 3497 3940 διέθηκεν
3528 3872 3760 3941 Ἐκκλη-

2203 3957 2343 4020 σίας,
2373 3959 2612 4026 γραφαῖς
2642 3957 2970 4025 τερατώδεσι
3003 3960 3111 4012 τῶν
3148 3961 3378 4014 ἐνταῦθα
3408 3963 3760 4017 δυναστευόνο

2199 4059 2304 4094 των
2352 4045 2477 4104 τοὺς
2512 4043 2760 4113 πανταχῆ
2811 4047 2910 4114 τῆς
2959 4047 3286 4116 οἰκουμένης
3335 4049 3579 4112 εὐσεϐεῖς
3615 4054 3763 4103 ἒπει-

2199 4135 2446 4202 γομένων
2477 4135 2773 4206 ἐξαπατᾷν,
2809 4138 2903 4188 καὶ
2936 4138 3386 4205 φιλονεικούντω›
3417 4140 3516 4210 τὴν
3545 4159 3757 4195 παντα-

2204 4223 2358 4292 χόθεν
2407 4224 2686 4292 ἑταιρείαν
2735 4243 2794 4279 τε
2857 4232 2948 4279 καὶ
3005 4229 3298 4298 ὁμολογίαν
3350 4231 3452 4300 τῆς
3503 4233 3760 4304 τοιαύτης

2201 4316 2397 4378 κακίας
2430 4313 2539 4369 οἶόν
2567 4336 2621 4369 τι
2654 4317 2996 4387 καρποῦσθαι
3028 4323 3306 4389 τρόπαιον;

2271 4405 2345 4459 Γ’.
2375 4407 2542 4459 Ταῦτ’
2583 4408 2718 4476 ἐμοῦ
2751 4426 2814 4477 γε
2845 4409 3157 4475 διεξιόντος,
3200 4413 3488 4466 ὑπολαϐὼν
3525 4415 3553 4468 ό
3599 4415 3760 4484 Ἀγα-

540 4511 752 4550 monem
781 4495 1062 4563 excipiens
1113 4511 1124 4545 :
1153 4492 1302 4552 Mihi,
1329 4492 1526 4560 inquit,
1557 4491 1752 4545 melius
1779 4493 1957 4546 visum
1981 4502 2088 4554 est.

2204 4498 2488 4565 θὸγγελος,
2517 4498 2669 4567 Ἐμοὶ
2687 4501 2740 4552 δὲ
2765 4501 2993 4570 βέλτιον,
3025 4504 3505 4580 ἔφησε,,.δέδοκται,
3527 4507 3643 4560 θεία
3671 4529 3761 4577 μοι

539 4605 570 4643 o
598 4588 840 4642 divinum
893 4586 1094 4654 caput!
1139 4585 1192 4636 in
1239 4582 1368 4636 line-
1409 4584 1567 4653 hujus
1625 4583 1954 4638 narrationis
2007 4585 2098 4638 illa

536 4678 764 4733 seorsim
788 4685 1116 4745 pertractare
1139 4684 1302 4741 atque
1337 4675 1616 4741 persequi,
1643 4673 1733 4725 ubi
1769 4674 1902 4727 nihil
1942 4689 2100 4743 pror-

537 4787 666 4831 sus,
717 4769 863 4837 quod
915 4783 1005 4820 res
1045 4763 1383 4820 contundere
1415 4774 1577 4832 atque
1617 4763 1839 4818 turbare
1883 4775 2096 4833 posset,

537 4860 971 4916 subaudiemlum
1016 4851 1199 4919 essct';
1235 4871 1342 4924 qua
1378 4856 1599 4923 quidem
1646 4856 1699 4907 in
1749 4871 1805 4909 re
1855 4857 1934 4909 sic
1987 4857 2097 4910 fere

535 4950 874 5011 statuebam,
914 4945 1196 4998 historiam
1233 4943 1598 4997 universalem
1633 4953 1689 4996 et
1729 4945 2049 4997 sateularem
2081 4983 2094 5006 ,

542 5050 600 5092 nt
646 5038 888 5092 breviter
930 5037 1140 5095 dicam,
1183 5033 1408 5088 dill‘erre
1455 5033 1524 5086 ab
1572 5033 1801 5086 historia
1835 5034 2094 5087 ecclesia-

539 5131 675 5184 stica
709 5138 765 5182 et
799 5127 1083 5194 utriusque
1111 5125 1541 5191 descriptionem
1571 5124 1904 5188 peculiarem
1933 5134 2096 5191 atque

538 5228 845 5290 separatam
902 5233 1056 5282 esse,
1118 5225 1406 5280 utramque
1465 5215 1715 5268 diversas
1776 5214 2094 5283 plerumque

540 5327 661 5374 res,
693 5323 802 5362 non
832 5306 1049 5361 easdem
1083 5303 1396 5373 complecti.
1429 5305 1564 5357 Cum
1597 5315 1776 5358 autem
1814 5315 1869 5357 tu
1913 5304 2096 5371 dupli-

536 5416 659 5455 cem
685 5400 924 5452 laborem
959 5412 1058 5465 pro
1089 5395 1322 5463 simplici
1355 5395 1406 5447 in
1441 5405 1491 5448 te
1519 5396 1796 5460 suscipere
1834 5397 2095 5462 volucris,

536 5500 595 5543 et
639 5505 760 5559 qua:
805 5488 996 5542 eodem
1046 5499 1292 5553 tempore
1337 5487 1391 5538 in
1445 5497 1676 5554 utroque
1725 5502 1923 5554 genere
1969 5503 2096 5540 eve-

542 5578 716 5639 uiant,
761 5590 873 5628 uno
927 5576 1395 5642 comprehcmlcrc
1462 5577 1736 5628 volumine
1798 5577 2096 5629 constitue-

539 5669 650 5732 ris,
685 5683 752 5721 ne
782 5682 881 5734 ego
905 5667 1124 5734 quidem
1159 5667 1268 5718 ullo
1301 5676 1456 5734 pacto
1490 5682 1575 5718 res
1607 5668 1802 5718 eodem
1829 5669 2094 5735 temporis
2137 5708 2140 5713 -

536 5760 715 5824 spatio
744 5770 919 5826 gestas
947 5759 1281 5823 coniunctim
1313 5758 1563 5825 pcheqni
1600 5758 1964 5812 dubitaverim
1987 5801 2000 5820 ,
2037 5773 2091 5811 ut

2203 4590 2432 4657 κεσαλὴ.
2470 4589 2826 4654 τελευτῶντός
2881 4610 2970 4662 μοι
3007 4595 3156 4646 τοῦδε
3206 4595 3299 4647 τοῦ
3359 4599 3515 4664 λόγου
3560 4601 3761 4664 διεξελ-

2203 4678 2314 4730 θεῖν
2354 4679 2513 4741 εύθὺς
2566 4681 2892 4734 ἀπολαϐόντι
2939 4683 3109 4751 χωρὶς
3155 4686 3356 4748 ἐκεῖνα,
3397 4687 3623 4754 μηδενῖς
3668 4691 3760 4741 τοῦ

2204 4772 2425 4840 συγχεῖν
2469 4771 2766 4838 δυναμένου
2816 4776 2998 4840 σφίσιν
3050 4776 3184 4835 ὅλως
3226 4782 3760 4845 συνυπακουοςλενου,

2200 4859 2343 4920 ὅπως
2376 4861 2492 4911 ποτ’
2520 4862 2610 4911 ἐπὶ
2639 4859 2763 4912 νοῦν
2787 4861 3029 4930 εἰληφότι
3069 4863 3345 4916 διεστάναι
3375 4864 3482 4917 τῶν
3525 4867 3759 4922 καθόλου

2205 4951 2294 5000 καὶ
2323 4951 2600 5015 κοσμιιιῶν
2629 4950 2812 5013 ἁπλῶς
2843 4954 3016 5005 εἰπεῖν
3045 4942 3112 5004 τᾶ
3148 4956 3244 5021 τῆς
3291 4956 3754 5028 ὲκκλησιαστικῆς

2212 5038 2496 5107 Ἱστορίας,
2531 5043 2624 5091 καὶ
2653 5040 2789 5094 ίδίαν
2811 5042 2909 5110 μὲν
2939 5040 3077 5096 εἶναι
3100 5046 3324 5114 ταυτηνὶ¹
3354 5053 3756 5118 πραγματείαν,

2203 5129 2339 5181 ίδξαν
2371 5129 2417 5180 δ’
2464 5131 2701 5197 ἐκείνην,
2738 5137 2826 5183 καὶ
2861 5133 3033 5186 ἄλλων
3062 5135 3328 5204 ἑκατέραν
3371 5137 3445 5200 ὡς
3482 5138 3550 5191 τὰ
3592 5142 3760 5194 πολλὰ

2200 5220 2290 5270 καί
2319 5220 2376 5269 ού
2403 5219 2513 5270 τῶν
2537 5218 2735 5273 αὐτῶν.
2781 5222 2935 5274 Ἐπεὶ
2973 5224 3029 5276 δὲ
3061 5228 3126 5277 σὺ
3165 5226 3393 5280 διπλοῦν
3422 5229 3539 5282 ἀνθ’
3586 5231 3758 5284 ἁπλοῦ

2197 5307 2287 5357 τὸν
2335 5307 2498 5358 πόνον
2546 5307 2895 5376 ἀναδέχεσθαι
2942 5312 3108 5375 εἵλου,
3161 5315 3253 5366 καὶ
3293 5314 3329 5368 ἃ.
3373 5319 3464 5369 τὸν
3509 5319 3670 5369 αὐτὴν
3705 5322 3761 5371 ὲν

2199 5397 2481 5463 ἑκατέροις
2528 5401 2832 5468 συμπίπτει
2881 5405 3124 5470 γίνεσθαι
3189 5407 3379 5474 χρόνον
3442 5409 3608 5476 βίϐλῳ
3665 5415 3761 5480 μιᾷ

2201 5487 2501 5542 συντιθέναι
2540 5506 2621 5540 σοι
2663 5490 2928 5554 δέδυκται,
2963 5495 3063 5547 οὐκ
3101 5497 3166 5548 ἂν
3195 5497 3303 5550 οὐδ’
3344 5499 3502 5561 αὐτος
3550 5500 3759 5569 οὐδαμῆ

2198 5596 2259 5646 γε
2316 5581 2607 5651 ὀκνήσαιμι
2663 5584 2731 5636 τὰ
2795 5587 2892 5652 τῆς
2943 5587 3110 5657 αὐτῆς
3164 5591 3223 5639 ἐν
3281 5593 3459 5660 ταυτῴ
3513 5595 3760 5660 π;ριόνῗου

2197 5669 2449 5732 διεξιέναι
2503 5673 2824 5743 συλλήϐδην,
2856 5679 2974 5727 ἑπ;“ι
3009 5683 3100 5730 καὶ
3145 5682 3345 5748 τρόπον
3392 5684 3578 5751 ἕτερον
3631 5689 3764 5752 πρά-

2197 5777 2356 5828 τερον
2397 5764 2696 5830 (εἰρήσεται
2727 5768 2830 5833 γὰρ
2875 5769 3125 5838 τάληθὲς)
3159 5772 3377 5825 ἐδεδίειν
3429 5778 3567 5845 μάλα
3603 5779 3760 5841 αὺτ³.·;
