4020 6540
3782 386 3851 449 32

591 414 657 479 31
1744 412 2157 473 NICEPHORI
2193 404 2574 470 GREGURE

590 522 661 582 lis
679 529 788 599 jam
816 526 1065 598 impediti
1094 533 1275 591 erant,
1306 526 1601 595 quominus
1632 524 1687 579 iu
1711 526 2026 593 superiores
2054 538 2144 576 re-

2250 537 2373 582 νους
2403 521 2660 585 δυνάμεις
2682 556 2695 581 ,
2732 514 2878 579 μέγα
2910 511 2966 564 δέ
3000 510 3092 563 διὰ
3120 508 3278 564 τοῦτο
3309 506 3530 576 φρονεῖν
3562 502 3809 599 ἔχοντας
3829 538 3847 563 ,

589 588 779 684 giones
810 588 1089 667 eri-acum
1133 588 1436 668 Maeotidem
1499 622 1555 667 et
1589 613 1655 666 ad
1702 588 1843 668 ostia
1887 611 2147 667 Tanaidis

2254 610 2444 662 ἔπειτα
2481 605 2629 675 παρὰ
2659 602 2815 668 δόξαν
2848 601 2940 653 ὑπ’
2964 597 3187 651 ἐκείνων
3216 596 3315 666 ήδη
3352 590 3753 684 κωλυομένους
3791 588 3851 684 ἐς

588 721 691 774 pro
719 720 818 758 suo
847 703 955 776 42
983 701 1215 757 arbitrio
1274 712 1438 771 atque
1486 702 1789 765 voluntate.
1848 710 1911 755 ut
1961 711 2145 764 antea,

589 794 910 861 navigarent
937 808 999 846 ac
1038 792 1609 847 eircumvehereutur.
1674 789 1857 857 Quare
1902 804 2031 845 suas
2058 804 2152 844 eo-

590 886 710 954 pias
736 895 1085 944 contraxere.
1136 882 1445 937 triremium
1503 896 1794 937 numerum
1852 889 2149 944 auxerunt.

586 973 750 1027 etiam
782 984 997 1027 veteres
1025 987 1093 1026 ex
1129 970 1416 1025 navalibus
1453 971 1823 1041 undecunque
1849 971 2149 1041 productas

587 1075 755 1116 naves
829 1060 1158 1125 refecerunt,
1208 1061 1481 1130 simulque
1557 1062 1739 1117 socias
1795 1062 2150 1130 subditasque

591 1155 758 1206 urbes
819 1151 1139 1221 insulasque
1182 1152 1250 1206 ad
1310 1152 1629 1208 certaminis
1677 1153 1995 1207 societatem
2054 1152 2152 1207 ad-

585 1250 867 1305 voearunt,
930 1248 991 1296 ut
1045 1256 1197 1294 arma
1251 1241 1612 1309 triremesque
1644 1251 1701 1295 et
1751 1241 1957 1294 milites
2006 1240 2150 1296 clas-

583 1332 728 1386 sicos
785 1346 883 1401 pro
939 1346 1035 1384 sua
1086 1345 1317 1400 qumque
1384 1329 1644 1384 facultate
1668 1331 2009 1384 conferrent.
2039 1329 2144 1384 Ad-

585 1420 1034 1475 voeaba‘ntetiam
1062 1435 1127 1475 ex
1152 1419 1377 1475 remotis
1405 1419 1721 1489 regionibus
1756 1420 1955 1474 milites
1982 1419 2149 1487 largis

586 1511 639 1564 in
673 1524 912 1579 praesens
935 1510 1243 1579 stipendiis,
1270 1510 1601 1577 largioribus
1623 1510 1676 1563 iu
1710 1509 1957 1564 futurum
1984 1509 2143 1578 polli-

582 1599 964 1665 citationibus,
991 1615 1115 1654 eum
1145 1601 1283 1654 alios
1320 1611 1433 1654 tum
1467 1599 1777 1659 Catalanos.
1803 1599 1898 1668 qui
1930 1600 1998 1653 ad
2024 1599 2151 1654 Gal—

586 1691 751 1743 licum
781 1705 929 1744 mare
959 1691 1190 1745 inferius
1230 1691 1555 1752 incolentes.
1614 1691 1704 1745 ubi
1758 1690 2144 1760 Pyrenzeorum

584 1779 854 1834 montium
888 1780 1059 1848 pedes
1085 1780 1335 1850 proxime
1381 1780 1665 1841 desinunt,
1726 1779 1933 1835 ferocia
1980 1788 2147 1850 atque

584 1873 786 1926 virtute
817 1871 1008 1927 bellica
1052 1872 1169 1926 sive
1204 1872 1404 1942 praelils
1438 1870 1793 1926 terrestribus
1817 1871 1932 1925 sive
1956 1872 2153 1941 pugnis

585 1964 873 2020 navalibus
905 1963 1236 2025 exhibenda,
1272 1963 1409 2017 nulli
1439 1962 1757 2016 Latinorum
1789 1960 2015 2017 cedunt.

658 2227 796 2283 Xlll.
823 2228 959 2283 Cum
990 2227 1158 2297 igitur
1204 2228 1345 2283 hanc
1407 2228 1479 2284 ob
1508 2243 1729 2284 causam
1781 2228 1946 2282 etiam
1975 2226 2140 2283 Creta

585 2319 825 2389 tumultu
853 2318 1168 2373 turbaretur
1188 2328 1243 2372 et
1269 2334 1543 2372 armorum
1566 2319 1843 2372 sociorum
1873 2318 2149 2372 omnium-

585 2425 692 2479 que
718 2426 898 2464 rerum
931 2410 998 2463 ad
1027 2410 1269 2464 hostium
1321 2409 1667 2465 incursiones
1718 2410 1989 2464 arcendas
2025 2410 2148 2465 ido-

587 2516 813 2554 nearum
874 2510 1133 2570 apparatu
1200 2500 1357 2570 quasi
1390 2501 1805 2565 concuteretur,
1859 2500 1987 2555 inde
2021 2516 2151 2556 vere

588 2590 812 2645 ineunte
847 2590 979 2649 abii.
1014 2602 1179 2659 atque
1212 2591 1436 2645 sinistra
1484 2591 1761 2645 Salamine
1805 2592 1979 2645 insula
2010 2607 2149 2659 pra:—

587 2681 856 2739 termissa.
897 2681 989 2735 ubi
1025 2680 1421 2739 Themistocles
1449 2680 1668 2735 Neoelis
1696 2680 1841 2735 illius
1866 2680 2147 2750 quondam

585 2774 770 2841 copias
805 2773 1025 2826 navales
1054 2773 1345 2828 Persarum
1380 2772 1707 2827 demersisse
1735 2772 1960 2838 dicitur,
1983 2783 2040 2827 et
2065 2774 2149 2828 iu-

584 2865 753 2928 solas,
780 2879 918 2932 quas
950 2863 1214 2933 Cyclades
1244 2874 1465 2925 vocant,
1492 2874 1907 2932 praetervectus,
1935 2863 2001 2918 ad
2042 2864 2149 2919 Eu-

585 2954 759 3007 boeam
807 2953 1042 3007 insulam
1078 2953 1260 3022 appuli
1284 2954 1391 3021 jam
1445 2953 1647 3007 multos
1708 2968 1884 3008 annos
1918 2954 2147 3009 Venetis

2252 699 2342 752 τὸν
2374 699 2485 750 ἄνω
2508 696 2672 749 τόπον
2701 694 2793 745 καὶ
2822 693 2919 758 τὴν
2947 688 3200 743 Μαιῶτιν
3226 686 3319 739 καὶ.
3348 685 3444 745 τάς
3473 678 3721 740 ἐκϐολὰς
3748 676 3851 730 τοῦ

2251 789 2513 847 Τανάϊδος
2550 783 2808 839 ἀναπλεῖν
2844 782 2940 835 καὶ
2983 776 3269 846 περιπλεῖν
3309 774 3431 827 κατ’
3458 769 3730 839 ἐξουσίαν
3770 764 3852 827 ὡς

2251 882 2535 950 πρότερον.
2564 873 2729 930 Ὅθεν
2752 872 2905 925 αὐτοί
2929 887 2990 921 τε
3018 870 3118 931 τὰς
3147 866 3355 928 οἰκείας
3381 863 3647 934 ἠθροιζον
3673 857 3854 912 δυνά-

2253 987 2401 1040 μεις,
2444 969 2691 1038 τριήρεις
2735 982 2791 1018 τε
2841 961 3059 1024 πλείους
3103 957 3213 1012 τῶν
3258 956 3395 1017 τέως
3440 952 3625 1006 οὐσῶν
3674 964 3855 1004 κατε-

2251 1061 2513 1126 σκεύαζον
2548 1058 2639 1114 καὶ
2680 1058 2775 1119 τὰς
2814 1056 2880 1109 ἐκ
2920 1050 3115 1107 πολλοῦ
3156 1045 3597 1124 νενεωλκημένας
3638 1040 3855 1095 καθελο

2249 1152 2510 1213 κύσαντες
2562 1145 2894 1215 πανταχόθεν
2945 1140 3359 1203 ἐπεσκεύαζον,
3410 1138 3507 1190 καὶ
3558 1134 3689 1203 ἅμα
3738 1131 3851 1193 τὰς

2251 1241 2595 1313 συμμαχίδας
2627 1240 2725 1294 καὶ
2758 1235 3034 1305 ὑπηκόους
3066 1233 3251 1294 πόλεις
3285 1230 3376 1284 καὶ
3410 1228 3607 1297 νήσους
3649 1226 3714 1287 ἐς
3749 1224 3850 1275 tim

2249 1333 2427 1387 κοινὸν
2455 1331 2683 1385 ἐκάλουν
2710 1328 2894 1395 ἀγῶνα
2912 1368 2928 1391 ,
2959 1325 3097 1379 ὅπλα
3129 1324 3219 1375 καὶ.
3249 1320 3493 1391 τριήρεις
3526 1316 3619 1369 καὶ
3660 1328 3847 1381 στρα-

2249 1424 2446 1488 τιώτας
2473 1422 2785 1491 ναυμάχους
2814 1413 3273 1484 συνεισφεροὺσας
3300 1412 3444 1464 κατὰ
3470 1408 3569 1478 τὴν
3594 1405 3851 1459 ἐνοῦσαν

2250 1516 2455 1585 ἐκάετῃ
2479 1513 2731 1581 δύναμιν.
2760 1508 3132 1563 Συνεκάλεσαν
3156 1506 3202 1557 δ’
3226 1500 3321 1556 οὖν
3338 1502 3438 1557 καὶ
3464 1501 3574 1552 τῶν
3600 1500 3850 1567 mpm-

2252 1608 2345 1660 θεν
2367 1606 2553 1676 άϐροῐς
2584 1604 2685 1673 μὲν
2708 1605 2801 1657 καὶ
2826 1602 2927 1670 ήδη
2959 1599 3327 1669 μισθώμασιν,
3350 1593 3689 1663 ἁϐροτεραις
3713 1588 3767 1643 δ’
3789 1591 3852 1650 ἐς

2252 1697 2312 1751 τὸ
2348 1697 2538 1764 μέλλον
2569 1692 2957 1760 ἐπαγγελίαις,
2991 1690 3185 1749 ἄλλους
3215 1704 3275 1739 τε
3310 1688 3402 1739 καλ.
3437 1682 3810 1741 Κατελάνους
3832 1719 3849 1740 ,

2252 1789 2300 1841 οἳ
2330 1787 2570 1857 ᾢκηνται
2603 1784 2752 1838 κάτω
2781 1782 2932 1848 παρὰ
2961 1781 3060 1849 τὴν
3092 1776 3356 1846 Γαλλικὴν
3386 1775 3690 1837 θάλασσαν,
3727 1772 3851 1838 δπη

2252 1877 2359 1931 τῶν
2391 1873 2713 1945 Πυρηναίων
2743 1870 2887 1942 ὀρῶν
2915 1869 2965 1923 oi
2998 1868 3157 1930 πόδες
3188 1871 3424 1935 ἄγχιστα
3453 1863 3749 1931 λήγουσιν.
3786 1862 3851 1921 ἐς

2251 1967 2454 2035 τόλμαν
2488 1962 2809 2031 πολεμικὴν,
2844 1961 2943 2028 ὅση
2979 1976 3039 2012 τε
3076 1955 3420 2024 ὴπειρωτικὴ
3456 1952 3551 2004 καὶ
3584 1951 3691 2017 ὅση
3734 1947 3846 2000 θα-

2252 2058 2501 2119 λάττιος,
2546 2053 2655 2107 τῶν
2701 2050 2987 2122 πρωτείων
3035 2047 3212 2101 οὐδέσι
3261 2044 3505 2098 Λατίνων
3554 2056 3845 2110 παραχω-

2256 2147 2507 2221 ροῢντας.

2321 2242 2419 2295 ll".
2460 2239 2611 2293 Ἐπεὶ
2639 2236 2771 2305 γοῦν
2793 2236 2880 2289 διὰ
2905 2233 3076 2288 ταῦτα
3107 2232 3202 2285 καὶ
3233 2229 3422 2301 Κρήτη
3451 2226 3683 2295 θόρυϐον
3713 2221 3843 2291 εἶχε

2251 2337 2346 2388 καὶ
2375 2335 2450 2395 ὡς
2478 2332 2653 2385 εἰπεῖν
2681 2329 2886 2382 ἐσείετο
2916 2328 3087 2387 πᾶσα.
3117 2318 3648 2393 παρασκευαζομένη
3684 2315 3843 2383 πρὸς

2251 2423 2388 2476 ὅπλα
2424 2419 2748 2489 συμμαχικά
2776 2434 2833 2471 τε
2869 2417 2963 2471 καὶ
2997 2416 3096 2468 ὅσα
3128 2413 3236 2465 τῶν
3268 2407 3581 2477 πολεμικῶν
3617 2404 3841 2473 ἐφόδων

2251 2516 2390 2568 εἰσὶν
2439 2509 2835 2581 ἁποτρεπτικὰ,
2895 2506 3209 2575 μετέϐαινον
3258 2500 3467 2554 ἐκεῖθεν
3511 2498 3839 2568 ἀρχομένου

2249 2605 2344 2661 τοῦ
2377 2600 2510 2676 ἦρος
2532 2642 2547 2666 ,
2580 2602 2672 2656 καὶ
2706 2600 2862 2668 ἀφεὶς
2896 2597 3151 2665 εὐώνυμα
3185 2593 3459 2662 Σαλαμῖνα
3489 2590 3587 2661 τὴν
3618 2590 3797 2656 νῆσον
3819 2626 3836 2647 .

2250 2697 2376 2751 ῐνθα
2406 2692 2774 2764 Θεμιστοκλέα
2803 2691 2894 2743 τδν
2920 2687 3217 2748 Νεοκλέους
3248 2685 3452 2738 ἐκεῖνον
3483 2680 3648 2735 πάλαι
3683 2678 3833 2749 φασὶ

2247 2787 2346 2857 τὴν
2374 2787 2480 2839 τῶν
2511 2784 2735 2855 Περσῶν
2766 2781 2979 2849 ἐκείνην
3007 2777 3266 2847 ναυτικὴν
3296 2772 3696 2830 καταϐαπτίσαι
3726 2771 3831 2824 δύο

2249 2891 2432 2943 ναμιν,
2478 2872 2674 2941 νήσους
2722 2887 2779 2923 τε
2827 2869 2893 2930 ἃς
2938 2866 3223 2929 Κυκλάδας
3267 2865 3402 2934 φασὶ
3445 2861 3833 2931 παραλλάξας,

2250 2961 2590 3016 κατέπλευσα
2634 2963 2703 3024 ἐς
2731 2958 2965 3013 Εὔϐοιαν
3006 2958 3105 3026 τὴν
3147 2956 3329 3024 νῆσον.
3372 2953 3612 3022 ὑπήκοον
3650 2946 3832 3005 οὖσαν

582 3044 875 3097 subditam.
912 3043 1027 3109 Qua
1064 3044 1118 3097 in
1154 3044 1329 3097 insula
1363 3059 1487 3097 cum
1524 3043 1744 3111 longius
1792 3053 2006 3111 tempus
2034 3045 2144 3118 43

2251 3056 2551 3115 Βενετικοῖς
2597 3053 2731 3106 ἐτῶν
2778 3052 2879 3122 ήδη
2930 3049 3172 3119 μακρῶν.
3222 3046 3327 3101 Καί
3382 3063 3449 3115 με
3496 3044 3829 3113 βουλόμενον

581 3136 907 3189 commorari
943 3136 1368 3199 constituissem,
1398 3151 1677 3190 armorum
1701 3137 1940 3207 bellique
1965 3154 2137 3208 appa-

2250 3146 2468 3200 πλείονα
2511 3144 2702 3212 χρόνον
2745 3141 3077 3212 ἐνδιατρῖψαι
3119 3137 3290 3207 ταύτῃ
3333 3139 3367 3205 ή
3416 3136 3524 3188 τῶν
3567 3134 3827 3188 Εὐϐοέων

583 3235 726 3286 ratu,
758 3224 813 3279 in
838 3239 999 3295 quem
1026 3240 1240 3279 summo
1268 3226 1452 3280 studio
1485 3238 1650 3295 atque
1675 3227 1959 3282 alacritate
1980 3230 2143 3284 etiam

2250 3234 2551 3291 ἀνέστειλεν
2591 3232 2840 3302 ἀσχολία,
2887 3230 3054 3298 πολλή
3100 3246 3181 3290 τις
3226 3224 3359 3281 οὖσα
3404 3227 3496 3279 καὶ
3540 3225 3678 3295 αὕτη
3725 3226 3831 3278 καὶ

583 3316 923 3371 Eubteenses
974 3316 1367 3380 iueubtterunt,
1409 3334 1439 3372 ει
1481 3318 1766 3387 proposito
1798 3319 2140 3376 deterrebar.

583 3406 745 3461 Fama
777 3405 923 3460 enim
962 3416 1102 3470 erat,
1154 3408 1375 3478 jamjam
1426 3409 1679 3462 triremes
1740 3423 1807 3462 ex
1841 3409 2031 3463 Genua
2062 3410 2147 3465 in-

582 3497 718 3551 festo
745 3497 949 3566 impetu
982 3497 1035 3551 in
1066 3512 1162 3553 eos
1194 3498 1546 3569 navigaturas
1574 3514 1721 3555 esse.
1759 3499 1943 3566 Quare
1987 3500 2143 3557 brevi

582 3595 826 3655 tempore
862 3598 971 3641 tota
998 3588 1173 3643 insula
1211 3590 1547 3657 perlustrata
1577 3603 1635 3645 et
1673 3593 1930 3657 urbibus,
1961 3609 2143 3664 quan-

586 3686 703 3729 tum
733 3675 852 3730 ﬁeri
887 3678 1085 3745 potuit,
1128 3677 1341 3739 invisis.
1394 3679 1460 3733 ad
1507 3679 1887 3747 Artemisium,
1923 3681 2147 3737 Euboeze

584 3768 1019 3833 promontorium
1099 3769 1569 3835 septentrionale,
1661 3770 1937 3839 profectus
1998 3789 2143 3827 sum.

582 3856 737 3912 Unde
764 3873 887 3911 cum
908 3860 1016 3927 jam
1047 3860 1273 3927 provebl
1307 3861 1529 3927 vellem,
1553 3862 1745 3916 classis
1777 3854 2143 3919 hostiunfdeu

581 3950 755 4002 currit
806 3964 1001 4017 meque
1052 3965 1079 4001 a
1115 3950 1451 4016 profectione
1508 3952 1812 4024 prohibuit.
1870 3954 2146 4009 Triremes

581 4040 727 4093 enim
756 4039 1078 4095 Geuuenses
1108 4040 1525 4108 quatuordeeim
1554 4042 1846 4097 celerrimo
1878 4058 2043 4097 cursu
2075 4044 2142 4098 ad

581 4130 823 4198 Oropum
850 4138 906 4182 et
932 4129 1181 4183 Aulidem
1214 4132 1555 4199 appellentes
1590 4132 1693 4186 sub
1724 4132 1888 4186 linem
1941 4137 2145 4190 aestatis

584 4219 1085 4285 conspiciebantur.
1116 4220 1262 4273 luter
1295 4220 1459 4273 hasce
1484 4221 1632 4274 enim
1658 4222 1823 4277 urbes
1851 4223 2012 4291 paulo
2034 4239 2146 4277 mc-

586 4309 779 4364 ridiem
810 4325 1004 4364 versus
1025 4310 1164 4365 sitas
1193 4320 1388 4379 portus
1419 4321 1502 4367 est
1527 4302 1811 4383 oblengus,
1841 4329 1932 4379 qui
1956 4330 2147 4382 quam-

583 4414 800 4468 cunque
826 4401 1167 4467 tempestatis
1215 4402 1299 4454 vel
1341 4402 1825 4455 turbulentissimae
1865 4404 1970 4458 vim
2002 4419 2145 4459 con-

2249 3326 2393 3394 μάλα
2421 3323 2485 3389 γέ
2511 3340 2563 3376 τι
2590 3318 3107 3388 κατεσπουδασμένῃ
3143 3318 3277 3384 πρὸς
3307 3316 3487 3368 ὅπλων
3514 3318 3602 3368 καὶ
3637 3314 3828 3384 μάχης

2246 3414 2599 3484 παρασκευήν
2622 3428 2638 3444 ο
2676 3410 2890 3480 μέλλειν
2921 3407 3029 3477 γὰρ
3067 3406 3145 3478 [ί.
3184 3407 3285 3461 105
3321 3404 3391 3476 αἶ
3451 3406 3575 3458 ὅσον
3608 3404 3829 3457 οὐδέπω

2244 3501 2400 3568 λόγος
2423 3496 2489 3570 ἦν
2515 3498 2777 3567 πολεμίας
2803 3498 2865 3549 ἐκ
2892 3494 3157 3558 Γεννούας
3183 3496 3268 3547 ἐπ’
3288 3494 3483 3554 αὐτοὺς
3510 3493 3827 3545 καταπλεύ-

2248 3612 2362 3648 σειν
2404 3596 2670 3664 τριήρεις.
2704 3589 2870 3643 Ὅθεν
2913 3589 2969 3641 ἐν
3015 3587 3209 3657 βραχεῖ
3249 3587 3347 3656 τὴν
3390 3587 3556 3654 νῆσον
3602 3586 3829 3653 ἐκείνην

2247 3686 2416 3738 ἀλοὼν
2450 3685 2546 3735 καὶ
2590 3680 3008 3749 περισκοπήσας
3048 3678 3266 3731 ἃπασαν
3287 3717 3302 3738 .
3336 3677 3432 3729 καὶ⁵
3463 3677 3562 3736 τὰς
3604 3676 3829 3744 ἐκείνης

2245 3778 2368 3829 ὅσον
2393 3776 2518 3842 ἐξῆν
2540 3772 2834 3841 ἱστορήσας
2861 3770 3061 3830 πόλεις,
3087 3761 3221 3838 ἦκον
3244 3768 3336 3818 ἐπὶ
3359 3767 3417 3818 τδ
3447 3767 3821 3834 Ἀρτεμίσιον,

2249 3868 2458 3937 βόρειον
2498 3865 2669 3934 ἄκρον
2708 3862 2963 3922 Εὐϐοίας.
3009 3861 3278 3914 Κάκεῖθεν
3321 3858 3476 3919 αὖθις
3518 3858 3824 3925 ἀνάγεσθαι

2250 3957 2571 4027 βουλόμενον
2597 3954 2828 4024 ἐπέσχεν
2859 3950 3118 4020 ἐξαίφνης
3147 3951 3181 4020 ή
3210 3950 3321 4001 τῶν
3353 3949 3625 4015 πολεμίων
3654 3967 3829 4002 κατα-

2249 4046 2526 4100 πλεύσασα
2564 4044 2813 4111 δύναμις.
2848 4043 3108 4113 Τριήρεις
3147 4043 3256 4111 γὰρ
3297 4041 3661 4093 Γεννουῖτικαὶ
3694 4057 3826 4092 τεο-

2250 4134 2647 4207 σαρεσκαίδεκα
2669 4132 2925 4201 λήγοντος
2947 4132 3140 4201 Θέρους
3162 4130 3417 4199 ὤφθησαν
3438 4131 3536 4198 τὴν
3556 4132 3827 4198 ταχῖστην

2246 4229 2306 4286 ἐς
2341 4224 2582 4294 Ὠρωπὸν
2626 4221 2720 4274 καὶ
2767 4220 2962 4274 Αὐλίδα
3008 4222 3395 4285 καταίρουσαι.
3443 4220 3661 4283 Μεταξὺ
3711 4222 3826 4288 γὰρ

2248 4321 2365 4371 ταῖν
2414 4318 2559 4370 δυοῖν
2604 4315 2836 4367 ταύταιν
2882 4314 3207 4382 νοτιωτέραν
3249 4313 3347 4381 τὴν
3391 4312 3540 4363 θέσιν
3582 4295 3826 4381 ἐχουσῶν

2250 4411 2357 4463 τῶν
2394 4409 2600 4462 πόλεων
2634 4408 2780 4460 ἐστιν
2814 4406 3090 4474 ἐπιμήκης
3132 4405 3299 4473 λιμὴν
3328 4442 3342 4464 ,
3386 4406 3564 4455 πᾶσαν
3603 4403 3823 4469 ἀνέμων

586 4492 820 4557 temnit;
854 4491 909 4544 in
940 4506 1068 4545 eum
1097 4492 1264 4562 igitur
1307 4493 1468 4547 modo
1499 4493 1684 4547 hostes
1730 4494 1931 4550 invecti
1968 4506 2142 4551 erant.

2251 4501 2524 4570 χλευάζων
2562 4499 2733 4568 βίαιον
2768 4498 3016 4566 κίνησιν,
3055 4497 3111 4555 ἐς
3151 4493 3210 4546 ὃν
3242 4493 3445 4560 ἀρτίως
3482 4492 3823 4545 ἐσέπλευσαν

585 4582 811 4635 Postero
842 4590 1028 4635 autem
1062 4583 1151 4635 die
1218 4582 1437 4651 triginta
1484 4595 1722 4653 quatuor
1777 4586 2029 4640 triremes
2053 4588 2149 4643 Ve-

588 4682 725 4725 neta:
744 4671 853 4740 jam
882 4672 975 4725 diu
1002 4671 1271 4726 insidiata:
1306 4673 1416 4726 illis
1449 4674 1693 4728 hostium
1719 4675 1952 4729 navibus
1976 4678 2145 4729 adve-

585 4772 685 4817 ctae
714 4773 906 4831 portus
964 4763 1218 4818 faucibus
1258 4764 1569 4835 interclusis
1617 4766 1933 4822 Genuiticas
1980 4782 2146 4821 naves

588 4854 910 4924 necopinato
930 4856 1087 4925 quasi
1118 4856 1219 4909 reti
1239 4856 1552 4910 cinxerunt.
1584 4857 1663 4912 Ex
1687 4858 1890 4927 quibus
1907 4869 2146 4928 quatuor

585 4962 753 5002 naves
778 4949 958 5002 statim
984 4948 1119 5002 velis
1146 4948 1339 5016 passis,
1386 4948 1541 5016 quasi
1590 4949 1833 5003 alearum
1861 4950 2029 5019 jactui
2088 4963 2145 5003 re

584 5040 898 5104 commissa,
923 5048 1115 5107 aperto
1186 5038 1433 5107 periculo
1480 5039 1713 5094 dubium
1766 5038 2143 5108 praxierentcs,

585 5131 825 5187 hostium
856 5133 1092 5199 gladium
1123 5132 1611 5201 subterfugerunt;
1663 5132 1905 5200 reliquas
1964 5140 2145 5184 autem

586 5238 750 5291 naves
778 5223 963 5290 paucis
994 5222 1259 5290 exceptis,
1298 5225 1389 5289 qui
1423 5224 1477 5275 in
1505 5224 1879 5277 continentem
1910 5223 2173 5277 exsiluea

585 5325 733 5379 runt,
772 5330 963 5369 omnes
983 5331 1105 5368 cum
1132 5314 1448 5370 hominibus
1475 5316 1662 5369 Veneti
1692 5324 1956 5381 ceperunt
1982 5332 2144 5368 manu

583 5406 691 5477 44
720 5421 827 5459 non
847 5416 1100 5460 conserta
1124 5422 1302 5475 neque
1335 5423 1511 5477 pugna
1538 5406 1714 5460 navali
1747 5408 2055 5459 commissa.
2082 5408 2146 5461 Et

587 5501 698 5552 hau?
727 5499 947 5567 quidem
980 5515 1065 5552 res
1094 5503 1170 5553 sic
1203 5516 1257 5555 se
1283 5500 1399 5554 fere
1448 5500 1539 5553 illo
1594 5510 1837 5566 tempore
1890 5500 2143 5556 habebat.

587 5588 883 5643 Praefectus
909 5598 1092 5641 autem
1127 5590 1316 5642 classis
1349 5588 1569 5643 Venetas
1631 5597 1984 5656 posteaquam
2038 5599 2145 5641 tam

588 5695 849 5747 prospere
882 5695 967 5733 res
993 5678 1330 5743 ceciderunt,
1368 5679 1584 5733 Euhan:
1616 5679 1943 5740 rationibus,
1971 5695 2146 5746 quan-

588 5782 701 5824 tum
731 5774 963 5825 maxime
1000 5771 1112 5825 ﬁeri
1148 5771 1344 5840 potuit,
1372 5770 1660 5836 ordinatis,
1697 5771 1928 5826 navibus
1956 5772 2148 5827 Solutis

2247 4594 2293 4644 οί
2327 4590 2593 4658 πολέμιοι.
2625 4590 2731 4642 Καὶ
2764 4588 2878 4657 ἅμα
2907 4588 2963 4647 ἐς
2989 4586 3086 4655 τὴν
3115 4582 3407 4653 ὑστεραίαν
3434 4584 3692 4650 τέσσαρες
3724 4584 3821 4634 καὶ

2247 4682 2541 4749 τριάκοντα
2566 4681 2812 4748 τριήρεις
2842 4677 3150 4740 Βενετικαὶ,
3181 4674 3281 4736 τὰς
3314 4672 3573 4741 πολεμίας
3598 4673 3821 4735 ἐκείνας

2249 4774 2312 4824 ἐκ
2356 4770 2557 4823 πολλοῦ
2599 4770 2957 4836 ναυλ.οχοῦσαι
2979 4808 2994 4831 ,
3029 4765 3373 4819 ἐπέπλευσάν
3407 4780 3466 4817 τε
3510 4767 3598 4818 καὶ
3630 4765 3688 4817 τὸ
3720 4768 3819 4818 τοῦ

2247 4864 2463 4933 λιμένος
2496 4861 2732 4929 ἔφραξαν
2768 4858 2960 4927 στόμα.
2990 4858 3111 4909 Τῶν
3138 4856 3230 4909 οὖν
3262 4855 3648 4908 Γεννουϊτικῶν
3680 4856 3819 4909 νεῶν

2245 4958 2319 5021 ὡς
2361 4960 2419 5010 ἐν
2458 4955 2659 5024 δικτύῳ
2701 4953 2852 5021 παρὰ
2892 4952 3045 5015 δόξαν
3083 4950 3183 5019 ήδη
3232 4947 3720 5015 συγκλεισθεισῶν,
3761 4951 3819 5000 αἱ

2251 5047 2351 5115 μὲν
2380 5044 2643 5113 τέσσαρες
2676 5041 2836 5101 εὐθὺς
2867 5040 3276 5092 ἀναπετάσασαι
3307 5039 3375 5089 τὰ
3409 5038 3570 5096 ἱστία,
3601 5039 3689 5089 καὶ
3724 5056 3819 5089 κα-

2249 5135 2425 5202 θάπερ
2454 5134 2510 5184 ἐν
2542 5132 2729 5193 κύϐοις
2759 5128 2855 5182 τοῦ
2886 5128 3195 5197 προφανοῦς
3223 5127 3315 5179 τὸν
3347 5126 3819 5194 άμφιϐαλλόμενον

2248 5208 2602 5292 ἀνθελόμεναί
2645 5239 2705 5274 τε
2756 5222 2851 5273 καὶ
2897 5218 3266 5290 ἀναρρίψασαι
3316 5218 3581 5281 κίνδυνον,
3630 5216 3817 5269 ἔλαθον

2250 5315 2449 5367 οὕτωσὶ
2494 5314 2554 5365 τὸ
2600 5312 2856 5379 πολέμιον
2900 5310 3179 5377 διαδρᾶναι
3227 5309 3421 5376 ξίφοςν
3457 5309 3555 5369 τάς
3600 5325 3661 5375 γε
3713 5310 3818 5375 μὴν

2250 5404 2589 5467 ἐπιλοίπους,
2625 5402 2766 5471 πλὴν
2798 5399 2993 5466 ὀλίγων
3029 5398 3238 5467 ἀνδρῶν
3274 5402 3329 5459 ἐς
3362 5397 3461 5464 τὴν
3495 5398 3690 5465 χέρσον
3726 5400 3818 5452 ὲκ·-

2250 5495 2675 5564 πεπηδηκότων,
2708 5492 3037 5559 αὐτάνδρους
3067 5489 3285 5550 ἁπάσας
3317 5485 3459 5539 εἶλον
3494 5489 3621 5555 πρὶν
3653 5489 3815 5557 ἄρξαι

2250 5589 2447 5654 χειρῶν
2476 5588 2567 5636 καὶ
2598 5583 2919 5652 ναυμαχίας.
2946 5581 3054 5631 Καὶ
3078 5581 3249 5631 ταῦτα
3279 5579 3376 5646 μὲν
3408 5579 3525 5646 τῇδέ
3555 5596 3628 5645 πη
3661 5580 3814 5649 ἔσχεν

2250 5680 2365 5731 ἐκεῖ
2399 5680 2519 5730 κατ’
2547 5678 2752 5728 ἐκεῖνον
2784 5673 2875 5723 τὸν
2908 5672 3097 5739 χρόνον
3125 5686 3137 5699 ·
3170 5670 3199 5722 ὅ
3232 5685 3295 5737 γε
3333 5670 3438 5739 μὴν
3469 5670 3562 5722 τοῦ
3602 5674 3816 5727 Βενετι-

2252 5770 2349 5822 κο)
2399 5768 2586 5821 στόλου
2632 5765 2920 5834 ναύαρχος,
2968 5764 3023 5825 ἐς
3070 5760 3223 5813 τοῦτο
3268 5761 3435 5830 τύχης
3482 5762 3815 5831 ἐληλυθότων
