4020 6506
497 413 569 478 l?
1687 422 2099 486 NICEPHOBI
2138 427 2525 487 GREGORB
3665 429 3738 493 48

493 537 964 584 sacrosanctorum
1025 530 1285 588 Ecclesia:
1359 532 1673 604 dogmatum
1734 538 2019 596 defensore

2120 583 2124 598 ι
2155 544 2342 607 ἀκοήν.
2383 543 2502 612 Ἀφ’
2531 542 2591 595 οὗ
2626 544 2734 613 γὰρ
2762 543 2859 607 τὰς
2888 544 3158 614 ἡμετέρας
3192 545 3360 600 πᾶσιν
3385 545 3726 600 ἀπέκλεισαν

490 620 735 689 perpessi
771 621 939 681 simus
966 660 981 684 ,
1009 622 1286 690 quomodo
1318 625 1556 695 denique
1586 627 1723 682 varii
1771 630 2019 685 hominm

2163 631 2331 700 θύρας
2368 633 2417 684 οι
2451 634 2548 702 τῆς
2575 632 2860 694 εὐσεϐείας
2908 633 3002 685 καὶ
3033 632 3190 700 ἡμῶν
3237 632 3444 704 δήμιοι,
3479 634 3543 686 οὐ
3575 632 3730 687 δεδύ-

489 711 657 764 animi
686 711 800 765 sive
831 709 1094 766 nobilium
1121 713 1236 768 sive
1260 715 1364 769 alia
1395 715 1630 782 fortuna,
1665 732 1884 788 genere,
1919 737 2051 790 pru-

489 798 672 853 dentia
705 803 971 856 utentium
999 811 1183 858 nostra
1223 820 1385 862 causa
1427 807 1606 862 aﬂ‘ecti
1643 810 1749 863 sint
1773 851 1788 874 ,
1821 820 1930 863 tuan
1979 829 2048 868 ne

486 906 587 960 ego
608 892 826 961 quidem
850 898 1202 961 cessaverim,
1225 913 1344 968 quae
1374 909 1496 965 apta
1518 911 1666 968 sunt,
1702 903 1796 957 tibi
1822 920 2046 973 respon-

484 979 614 1036 dere
644 990 701 1037 et
718 983 801 1038 vel
825 985 1152 1041 valetudinis
1185 975 1553 1045 imbecillitate
1584 993 1862 1064 animique
1890 997 2045 1064 aegri-

484 1075 673 1130 tudine
708 1077 1018 1145 posthabita
1072 1089 1216 1133 tuam
1247 1081 1439 1135 audire
1483 1085 1876 1139 narrationem.
1920 1089 2040 1153 Quo

480 1165 626 1220 enim
651 1184 716 1222 ex
745 1179 989 1249 tempore
1023 1177 1241 1226 nostras
1273 1171 1418 1227 fores
1443 1174 1698 1230 omnibus
1728 1179 2043 1232 clauserunt

2159 723 2330 791 νημαι
2376 740 2428 776 τι
2489 723 2654 790 σαφὲς
2701 725 2826 790 περὶ
2869 721 2977 774 τῶν
3016 723 3276 775 τοιούτων
3334 721 3530 789 μαθεῖν
3570 722 3730 776 ούδδν

2155 815 2368 884 οὐδαμῆ
2409 832 2497 867 πω
2531 817 2695 885 μέχρι
2729 817 2824 868 καὶ
2867 815 3130 883 τήμερον,
3166 814 3228 886 [ῐ.
3263 817 3363 872 109
3393 833 3424 869 a
3457 813 3476 885 ]
3510 817 3607 867 καὶ
3639 816 3728 882 γί-

2152 906 2302 956 νεταί
2340 923 2430 974 μοι
2478 905 2566 958 διὰ
2602 905 2859 974 πλείστης
2900 891 3142 972 ἐφέσεως
3175 907 3206 974 ἡ
3239 905 3446 959 τούτων
3477 906 3625 974 μάλα
3657 906 3722 972 γέ

2149 1013 2201 1048 τι
2230 998 2450 1063 γνῶσις.
2498 996 2807 1052 ’Λναλαϐὼν
2864 992 2959 1050 οὖν
3017 1012 3109 1066 μοι
3151 996 3276 1063 λέγε
3323 996 3498 1051 ταῦτα
3540 997 3725 1050 πάντα

2145 1086 2271 1140 καθ’
2300 1088 2553 1150 ἕκαστον,
2585 1088 2898 1159 προστιθεὶς
2934 1087 3030 1140 καὶ
3059 1089 3152 1142 τὸν
3194 1088 3387 1158 καιρὸν
3419 1088 3557 1156 ὁμοῦ
3587 1087 3720 1140 καθ’

2144 1180 2203 1233 ὃν
2240 1197 2311 1233 τι
2349 1180 2509 1242 αὐτὸς
2571 1182 2627 1242 ἐς
2670 1181 2962 1245 Βυζάντιον
2989 1176 3147 1250 ἧκες,
3179 1181 3274 1234 καὶ
3327 1183 3463 1251 πρός
3513 1199 3579 1250 γε
3635 1181 3722 1234 ἔτι

479 1255 650 1308 nostri
681 1265 736 1311 et
774 1256 1030 1314 Ecclesiae
1067 1261 1371 1325 carniﬁces,
1399 1265 1534 1317 nihil
1566 1267 1790 1322 omnino
1819 1267 1886 1321 de
1919 1269 2008 1323 tati

2143 1272 2265 1324 καθ’
2299 1270 2358 1324 ὃν
2386 1274 2591 1324 ἕκαστα
2632 1274 2839 1325 τούτων
2873 1274 3140 1341 ἀκήκοας,
3159 1275 3232 1336 ὡς
3264 1274 3331 1327 ἀν
3366 1273 3490 1327 καθ’
3523 1274 3720 1341 εἱρμὶν

482 1342 584 1398 bus
617 1344 778 1399 rebus
810 1361 981 1416 usque
1006 1348 1072 1402 ad
1100 1348 1247 1404 hunc
1280 1350 1424 1405 diem
1458 1356 1796 1413 accurratius
1828 1355 2019 1412 discere

2143 1363 2352 1416 ἐκεῖθεν
2378 1364 2672 1429 κατιούσης
2707 1363 2802 1433 τῆς
2824 1364 3130 1434 διηγήσεως
3162 1365 3718 1434 εὐπαρακολούθητος

480 1434 654 1500 potui,
684 1452 995 1506 quanquam
1039 1455 1225 1494 earum
1279 1442 1518 1510 cognitio
1551 1445 1949 1501 maxime'milti
1984 1449 2019 1502 it

2141 1454 2234 1505 ml.
2266 1453 2398 1520 ἡμῖν
2429 1454 2462 1522 ὴ
2507 1453 2614 1505 τῶν
2645 1452 2906 1506 τοιούτων
2950 1454 3258 1520 ἐγγίγνοιτο
3305 1453 3541 1524 μάθησις
3583 1454 3725 1507 ἑκα-

478 1525 678 1592 optatis
725 1538 829 1582 est.
870 1531 947 1584 Ad
977 1530 1317 1599 propositum
1352 1532 1516 1601 igitur
1548 1550 1828 1604 regressus
1855 1540 2019 1594 omni:

2138 1543 2378 1613 τέρωθεν
2406 1546 2714 1614 ἑκατέροις.

485 1619 614 1673 .uibi
640 1619 951 1714 singulatim
975 1626 1432 1692 exponas,addito
1455 1629 1618 1689 etiam
1643 1640 1906 1699 tempore,
1927 1650 2038 1703 quo
2077 1636 2396 1710 Byzantium
2462 1642 2696 1697 redieris
2729 1653 2783 1696 et
2813 1658 2922 1713 quo
2953 1642 3195 1712 quidque
3257 1643 3556 1707 audiveris,
3604 1644 3725 1714 ϐο

477 1719 539 1764 ιιι
573 1711 886 1768 narratione
935 1714 1058 1770 inde
1098 1732 1164 1771 ex
1203 1720 1396 1775 ordine
1437 1723 1770 1789 procedente
1821 1727 2038 1797 utrique
2074 1742 2325 1788 nostrum
2370 1735 2610 1805 cognitio
2681 1711 2863 1790 rerum
2933 1711 3002 1791 ab
3049 1711 3280 1805 utraque
3314 1746 3466 1806 parte
3499 1711 3722 1807 perSlJi;

476 1816 579 1858 cun
611 1803 826 1860 evadat.

540 1937 709 1993 XXII.
746 1959 763 1991 ι
794 1939 951 2006 Quod
978 1943 1041 1996 ad
1076 1952 1292 2013 tempus
1336 1948 1554 2015 attinet,
1591 1951 1793 2018 inquit,
1830 1951 2041 2021 Byzano
2077 1961 2116 2014 Β

472 2033 607 2086 tium
635 2043 757 2102 post
780 2033 1042 2088 caniculae
1066 2043 1247 2090 ortum
1299 2045 1488 2093 testate
1531 2040 1644 2109 jam
1678 2051 1912 2096 exeunte
1947 2058 2036 2096 re-

466 2136 660 2177 versus
724 2137 865 2177 sum.
919 2123 1054 2178 Navi
1115 2115 1372 2195 egressus
1416 2127 1640 2184 domum
1692 2131 1816 2185 veni
1849 2131 2035 2200 ibique

465 2212 779 2284 quindecim
828 2214 1121 2269 continuos
1159 2216 1275 2272 dies
1321 2229 1571 2275 versatus
1619 2235 1706 2275 me
1759 2223 1925 2276 refeci
1979 2233 2036 2278 et

467 2303 758 2375 navigandi
793 2305 1072 2360 molestias
1113 2307 1317 2361 sensim
1366 2310 1740 2381 paulatimque
1775 2313 2028 2368 abstersi.

467 2398 629 2456 Hisce
659 2394 854 2450 diebus
881 2395 1004 2451 aliis
1047 2397 1183 2452 alias
1219 2399 1406 2455 amicis
1437 2416 1524 2456 me
1573 2405 2033 2460 convenientibus

461 2497 518 2541 et
547 2501 761 2540 mecum
785 2488 1242 2544 conversantibus
1289 2503 1546 2548 accurate
1577 2495 1759 2548 omnia
1787 2497 2031 2565 comperi

461 2582 531 2636 de
571 2580 775 2651 synodc
830 2581 955 2643 ista,
997 2594 1159 2651 quam
1216 2580 1494 2644 dicebant,
1545 2599 1650 2654 qua
1704 2586 1917 2640 ratione
1963 2601 2031 2642 ex

463 2673 923 2741 tempore'eoacta
945 2679 1113 2734 esset,
1139 2685 1262 2740 quas
1293 2671 1365 2725 ibi
1393 2687 1423 2726 a
1448 2673 1775 2742 praesidibus
1796 2675 2030 2731 Palamze

463 2758 893 2828 suifragantibus
943 2765 1002 2813 et
1069 2758 1244 2828 palam
1301 2760 1676 2831 dejerantibus
1743 2765 2027 2836 illegitime

455 2861 628 2922 gesta,
681 2865 790 2919 quo
852 2859 1010 2921 pacto
1042 2851 1237 2921 dogma
1287 2852 1356 2906 de
1405 2854 1590 2910 multis
1639 2851 2027 2914 divinitatibus

457 2955 637 2997 ratum
669 2942 896 3008 factum,
929 2944 1248 3013 mysterium
1279 2959 1413 2998 vero
1444 2945 1839 3002 incarnationis
1864 2963 2024 3004 ever-

457 3047 578 3086 sum
611 3042 776 3088 esset.
819 3032 1022 3087 Prater
1054 3033 1161 3087 alia
1193 3047 1344 3099 vero,
1376 3050 1497 3102 quae
1544 3050 1611 3089 ne
1644 3037 1872 3092 auribus
1899 3039 2025 3108 qui-

457 3124 581 3178 dem
637 3123 946 3188 hominum,
997 3123 1092 3192 qui
1141 3124 1228 3193 pie
1277 3134 1442 3195 atque
1501 3127 1782 3182 moderate
1841 3129 2024 3184 vivere

458 3214 650 3279 velint,
683 3213 975 3282 ingerenda
1005 3221 1152 3277 sunt,
1194 3215 1286 3269 illa
1318 3230 1537 3284 quoque
1589 3217 1870 3280 nimirum,
1901 3234 2024 3288 quae.

455 3308 692 3362 barbare
725 3314 781 3362 et
809 3305 1034 3361 eﬂ‘erate
1084 3306 1195 3369 isti,
1239 3307 1440 3375 quibus
1490 3317 1766 3377 pastorum
1815 3325 2015 3363 munus

450 3397 669 3468 obtigit,
699 3406 1007 3468 gesserunt,
1058 3397 1126 3453 de
1151 3399 1352 3468 quibus
1394 3400 1705 3468 pastoribus
1748 3401 2014 3456 Dominus

450 3489 589 3544 dixit
622 3507 637 3544 :
676 3509 696 3542 ι
728 3489 983 3545 Pastores
1031 3489 1402 3553 insaniebant,
1443 3500 1691 3560 pastores
1726 3494 2013 3556 vastabant

447 3579 658 3634 vineam
687 3594 862 3634 meam
882 3581 924 3632 '.
955 3598 973 3631 ι
1001 3579 1252 3650 Comperi
1275 3583 1460 3645 etiam,
1487 3593 1545 3637 ut
1575 3585 2009 3652 persecutionem

448 3673 927 3728 horribilissimam
997 3672 1199 3742 ubique
1259 3674 1622 3729 instituissent
1687 3695 1701 3731 :
1762 3685 1822 3730 ut
1884 3678 2012 3732 dein

447 3765 697 3819 nonnulli
724 3764 970 3835 episcopi
999 3779 1122 3820 cum
1147 3765 1426 3820 nonnullis
1455 3774 1507 3820 et
1533 3780 1722 3820 onmes
1744 3765 1855 3820 fere
1887 3782 2010 3822 cum

447 3856 698 3910 omnibus
725 3855 1100 3918 dissedissent,
1147 3865 1403 3924 tanquam
1445 3856 1767 3924 paenitentia
1799 3859 1927 3914 tacti
1956 3867 2012 3914 et

446 3944 822 4015 magnitudine
866 3944 1136 3998 scelerum
1168 3959 1392 3998 suorum
1425 3945 1532 4013 61
1565 3945 1669 4014 ipsi
1731 3948 2009 4014 perterriti

2230 1955 2287 2034 Ὁ
2325 1959 2422 2025 μὲν
2447 1958 2511 2028 δὴ
2551 1958 2740 2029 χρόνος
2781 1958 2905 2013 καθ’
2957 1959 3015 2013 όν
3063 1959 3303 2014 ἐπανιὼν
3338 1962 3710 2028 κατέπλευσα,

2140 2051 2325 2116 φησέν,
2351 2052 2406 2110 ἐς
2433 2049 2751 2117 Βυζάντιον,
2785 2052 2923 2118 μετά
2957 2053 3116 2112 κυνὸς
3146 2055 3392 2124 ὑπῆρχεν
3422 2054 3709 2120 ἐπιτολὰς.

2136 2140 2395 2209 λήγοντος
2433 2141 2533 2210 ἤδη
2573 2140 2669 2195 τοῦ
2721 2141 2936 2211 θέρους.
2993 2143 3168 2199 Εὐθὺς
3216 2140 3310 2198 οὗν
3360 2147 3573 2202 ἀποϐὰς
3605 2149 3715 2210 τῆς

2136 2230 2270 2293 νεὼς
2299 2232 2479 2284 οἴκαδε
2507 2232 2914 2302 ἀφικόμην,καὶ
2943 2234 3208 2305 οἰκουρῶν
3237 2237 3621 2292 διετετελὲκειν
3643 2240 3713 2308 ἠ-

2133 2320 2281 2383 λίους
2321 2320 2446 2387 ἑξῆς
2478 2321 2894 2385 πεντεκαίδεκα,
2926 2323 3326 2392 ἀναλαμϐάνων
3349 2343 3409 2378 τε
3436 2328 3704 2396 ἐμαυτὸν,

2134 2410 2229 2463 καὶ
2257 2409 2353 2480 τὴν
2394 2412 2459 2462 ἑκ
2509 2410 2782 2478 Θαλάττης
2819 2412 3003 2482 ἡρέμα
3036 2415 3130 2466 καὶ
3156 2416 3295 2468 κατά
3343 2418 3539 2487 μικρὸν
3567 2418 3708 2471 ἀπο-

2132 2500 2452 2568 τριϐόμενος
2485 2500 2700 2570 ἀηδίαν.
2739 2502 2848 2555 Καὶ
2876 2503 3060 2570 μὲνδὴ
3098 2505 3206 2559 τῶν
3235 2507 3458 2576 ἡμερῶν
3491 2509 3701 2578 μεταξὺ

2131 2591 2364 2644 τουτωνὶ
2415 2592 2752 2661 προσιόντων
2793 2593 2971 2646 ἄλλοτ’
3020 2595 3197 2648 ἄλλων
3235 2596 3404 2664 φίλων
3435 2597 3528 2651 καὶ
3577 2599 3705 2668 ὁμι-

2131 2678 2367 2745 λούντων
2420 2683 2552 2748 ἡμῖν
2602 2681 2844 2751 ἀκριϐῶς
2902 2685 3192 2754 ἀκηκοέναι
3241 2704 3331 2757 μοι
3379 2691 3606 2756 γέγονεν
3637 2689 3704 2744 ἃ·

2134 2787 2331 2833 παντα,
2376 2771 2476 2840 τήν
2519 2771 2567 2824 τ’
2617 2774 3025 2842 ὀνομαζομένην
3053 2778 3252 2831 οὑτωσί
3305 2796 3424 2843 πως
3459 2781 3699 2843 σύνοδον,

2128 2863 2276 2925 ὅπως
2327 2880 2385 2916 τε
2422 2865 2784 2933 ὲσχεδίασται,
2829 2867 2923 2919 καὶ
2961 2869 3059 2921 ὅσα
3106 2871 3422 2939 πέπρακται
3469 2873 3706 2940 παρανό-

2131 2968 2246 3019 μως
2287 2955 2402 3005 ὲκεῖ
2431 2955 2564 3022 πρδς
2595 2957 2704 3008 τῶν
2739 2959 3017 3029 προέδρων
3047 2961 3155 3013 τῶν
3206 2962 3444 3034 Παλαμᾷ
3477 2980 3705 3033 συμμα-

2127 3043 2364 3111 χούντων
2392 3045 2485 3096 καὶ
2517 3045 3056 3114 ἀνακεκαλυμμένως
3080 3050 3505 3118 ἐπιορκούντων,
3533 3051 3612 3106 ἔτι
3636 3069 3700 3106 τε

2126 3134 2274 3196 ὅπως
2303 3135 2362 3187 τὸ
2395 3135 2494 3204 μὲν
2535 3139 2633 3206 τῆς
2672 3138 2962 3202 πολυθεΐις
3000 3141 3281 3211 ἡκύρωται
3318 3144 3515 3213 δόγμα,
3550 3145 3611 3198 τὸ
3641 3145 3699 3199 δὲ

2127 3223 2224 3292 τῆς
2261 3226 2528 3295 ὲνσάρκου
2566 3230 2868 3300 μυστήριον
2897 3233 3212 3301 οἰκονομίας
3256 3235 3564 3306 ἀνῄρηται·
3601 3238 3698 3290 καὶ

2124 3319 2258 3384 πρός
2285 3333 2347 3383 γε
2380 3323 2489 3383 τοῖς
2529 3320 2730 3387 ἀλλοις,
2772 3323 2808 3377 ἃ.
2840 3324 2962 3392 μηδ’
2993 3326 3131 3395 ἀκοῇ
3170 3329 3475 3399 σωφρονεῖν
3505 3329 3576 3382 δι’
3607 3331 3700 3383 εύ-

2120 3406 2332 3460 σέϐειαν
2386 3413 2799 3487 προαιρουμένῃ
2833 3415 3032 3468 διδόναι
3071 3416 3271 3487 χρεὼν,
3323 3423 3552 3476 κάκεῖνα
3595 3423 3694 3485 δη-

2114 3497 2244 3570 λαδὴ
2273 3501 2373 3554 ὅσα
2425 3502 2779 3573 βαρϐαρικῶς
2833 3523 2888 3557 τε
2926 3508 3017 3559 καί
3063 3508 3346 3577 θηριωδῶς
3398 3513 3696 3582 εἴργασται

2116 3588 2252 3655 πρὸς
2276 3590 2384 3641 τῶν
2415 3594 2725 3659 ποιμαίνειν
2751 3592 3022 3663 λαχόντων
3046 3593 3146 3665 τὴν
3179 3599 3528 3671 Ἐκκλησίαν,
3555 3609 3693 3675 περὶ

2113 3671 2188 3732 ῶν
2214 3682 2240 3731 ό
2271 3679 2475 3747 Κύριος
2507 3681 2634 3750 ἔφη,
2672 3700 2690 3733 ι
2735 3685 2999 3754 Ποιμένες
3028 3689 3457 3760 ηφρονεύσαντο,
3490 3671 3692 3762 notue-

2115 3785 2202 3830 νες
2233 3770 2551 3841 διέφθειραν
2587 3773 2678 3826 τὸν
2729 3775 3027 3844 ἀμπελῶνά
3060 3798 3183 3846 μου.
3231 3802 3248 3834 ι
3312 3785 3421 3837 Καὶ
3451 3787 3567 3856 ἅμα
3595 3789 3692 3843 τὸν

2113 3860 2206 3912 ἐπὶ
2229 3861 2438 3924 τούτοις
2470 3864 2909 3932 φρικωδέστατον
2941 3871 3030 3921 καὶ
3060 3874 3399 3928 παντοδαπὸν
3421 3876 3686 3946 διωγμὸν,

2111 3950 2351 4004 κᾶπειτα
2384 3953 2534 4016 ὅπως
2563 3972 2621 4006 τε
2657 3955 3021 4027 διηνέχθησαν
3058 3962 3192 4014 ἔνιοι
3234 3965 3354 4016 κατ’
3381 3969 3540 4020 ἐνίων
3565 3971 3690 4024 ἐπί-

443 4036 808 4091 contumelias
839 4045 895 4092 et
921 4035 1240 4090 inimicitias
1279 4037 1526 4091 omnium
1559 4038 1925 4109 undecunque
1953 4043 2007 4096 in

439 4140 536 4180 eos
558 4125 820 4180 conﬂatas
845 4126 1067 4178 omnino
1093 4123 1235 4177 l‘erre
1263 4141 1367 4179 non
1395 4137 1617 4194 possent
1644 4144 1658 4179 :
1685 4135 1742 4180 ut
1771 4129 2010 4198 denique

443 4214 741 4283 imperator
788 4215 844 4268 in
890 4213 1100 4268 medios
1149 4213 1370 4270 irruens
1426 4216 1564 4270 alios
1618 4217 1900 4273 blanditiis
1953 4229 2010 4274 et

445 4303 853 4376 largitionibus,
893 4303 1031 4358 alios
1061 4303 1222 4359 minis
1252 4305 1356 4359 sibi
1402 4305 1659 4361 subactos
1691 4308 1741 4360 in
1774 4309 2007 4364 Palamte

445 4404 624 4465 partes
657 4395 915 4450 traxisset
945 4406 999 4450 et
1031 4395 1322 4460 ellecisset,
1351 4403 1408 4449 ut
1443 4411 1614 4452 novos
1655 4408 1829 4452 tomos
1853 4415 2006 4455 com-

443 4495 709 4554 ponerent
778 4487 978 4555 quibus
1028 4486 1360 4554 impietatem
1411 4487 1529 4556 ejus
1591 4488 2000 4544 conﬁrmarent.

2112 4058 2328 4105 σκοποι,
2351 4035 2458 4096 ’καὶ
2489 4045 2679 4113 σχεδὸν
2729 4047 2972 4112 ἅπαντες
3027 4052 3148 4103 καθ’
3179 4053 3459 4121 ἀπάντων,
3492 4057 3685 4133 ὥσπερ

2111 4129 2175 4182 ὲκ
2216 4131 2528 4198 μεταμέλου
2571 4133 2631 4185 τὸ
2666 4133 2898 4203 μέγεθος
2926 4137 3036 4190 τῶν
3085 4144 3364 4212 σφετέρων
3391 4129 3685 4217 ἀτοπημά-

2107 4235 2218 4273 των
2269 4222 2717 4294 ἀκπεπληγμένοι
2770 4245 2852 4294 τε,
2887 4232 2983 4282 καὶ
3033 4232 3155 4284 οὐδὲ
3191 4237 3380 4302 φέρειν
3426 4240 3686 4306 καθάπαξ

2107 4313 2424 4384 ἀνεχόμενοι
2450 4317 2541 4379 τὰς
2575 4317 2795 4371 πάντων
2816 4320 2904 4374 διά
2937 4323 3108 4376 ταῦτα
3138 4329 3476 4398 πανταχόθεν
3499 4331 3682 4402 ὕϐρεις

2109 4405 2207 4456 καὶ
2237 4406 2536 4475 ἀπεχθείας
2558 4424 2572 4439 '
2608 4413 2701 4463 καὶ
2724 4411 2870 4475 ὅπως
2905 4415 2931 4465 ὁ
2957 4415 3212 4483 βασιλεὺς
3239 4421 3442 4488 μεταξὺ
3471 4438 3685 4494 παρεμο

2109 4494 2294 4548 πεσὼν
2329 4499 2456 4561 τοὺς
2489 4500 2588 4567 μὲν
2628 4501 2893 4564 θωπείαις
2926 4509 3015 4558 καὶ
3046 4511 3346 4578 χρημάτων
3371 4514 3681 4586 διανομαῖς.

439 4576 574 4631 Cum
624 4590 757 4630 vero
807 4576 874 4629 de
902 4576 1114 4629 castoris
1163 4575 1419 4628 omnibus
1462 4577 1626 4630 rebus
1675 4581 1719 4632 si
1757 4595 2004 4648 qumrerc

2120 4589 2234 4650 τοὺς
2260 4587 2304 4640 δ’
2336 4591 2588 4654 ἀπειλαῖς
2614 4593 2932 4662 ὑπηγάγετό
2962 4616 3017 4651 τε
3048 4575 3245 4680 καὶὲτῴ
3277 4575 3684 4680 [Ισιλαμξέσυμἐ
3747 4597 3754 4601 ’

439 4675 606 4736 atque
638 4666 981 4734 percunctari
1024 4665 1240 4732 vellem.
1295 4666 1499 4736 majore
1549 4668 1679 4721 mihi
1722 4671 1835 4724 otio
1867 4685 2004 4740 Opus

436 4768 602 4822 esset,
639 4759 693 4812 in
723 4757 827 4812 alia
860 4766 1106 4826 tempora
1148 4758 1199 4810 id
1244 4757 1605 4813 dilicrendum
1628 4776 1748 4816 esse
1783 4764 1996 4831 putavi,

437 4859 600 4919 atque
627 4848 839 4903 duabus
859 4857 1070 4902 tantum
1103 4848 1253 4904 hisce
1285 4849 1452 4904 rebus
1477 4853 1785 4905 accuratius
1815 4854 2002 4920 explo-

440 4937 627 4994 randis
682 4953 846 4993 omne
897 4939 1140 4993 studium
1205 4951 1262 4993 et
1311 4954 1531 5009 Operam
1594 4943 1879 5011 impendi,
1942 4954 2002 4997 ut

435 5029 668 5099 primum
715 5029 936 5099 quidem
970 5044 1382 5098 cognoscerem,
1435 5046 1536 5084 cur
1586 5031 1640 5084 in
1693 5033 1995 5088 custodiam

432 5120 760 5174 atrociorem
817 5129 866 5174 te
919 5136 1083 5189 quam
1135 5122 1376 5191 reliquos
1431 5121 1820 5178 includendum
1873 5139 1995 5180 esse

431 5215 768 5284 imperantes
811 5214 1230 5272 decrevissent:
1269 5215 1470 5269 deinde
1523 5217 1784 5284 quidnam
1832 5220 1994 5273 novis

431 5304 548 5358 istis
579 5305 741 5358 tomis
768 5303 837 5357 ab
863 5303 1136 5373 episeOpis
1181 5315 1238 5359 et
1285 5305 1712 5373 imperatoribus
1755 5310 1994 5377 perscri-

430 5407 580 5464 ptum
616 5404 762 5450 esset
791 5405 847 5449 et
876 5411 1046 5465 quare
1081 5410 1176 5450 eos
1205 5411 1236 5449 a
1267 5411 1326 5450 se
1355 5397 1488 5466 ipsis
1517 5398 1796 5454 confectos
1824 5401 1988 5456 etiam

427 5487 570 5556 apud
603 5500 661 5541 se
707 5486 1036 5552 retinerent,
1071 5488 1412 5559 argumentis
1464 5504 1679 5557 eorum,
1728 5507 1795 5545 ne
1837 5495 1990 5561 quis-

429 5591 590 5645 quam
618 5591 682 5630 ea
715 5575 997 5644 explorare
1041 5589 1242 5646 posset,
1295 5579 1562 5648 profunda
1613 5583 1988 5640 taciturnitate

495 5777 514 5804 ¹
549 5774 747 5830 Jercm.
791 5792 889 5841 xu,
918 5778 1002 5831 10.

2110 4678 2318 4748 μάχους
2375 4677 2515 4734 εἶναι
2575 4684 2838 4738 πέπεικεν
2897 4690 3003 4749 ἀεὶ,
3039 4677 3371 4762 καὶντόμους
3431 4677 3679 4755 τίθεσθαι

2106 4769 2352 4832 καινοὺς,
2389 4771 2483 4840 τῆς
2510 4771 2675 4824 αὑτοῦ
2707 4773 3011 4842 βεϐαιωτὰς
3044 4779 3384 4847 δυσσεϐείας.
3424 4788 3545 4840 Τῶν
3579 4792 3678 4859 μὲν

2100 4853 2194 4910 οὖν
2241 4860 2418 4912 ἀλλων
2465 4863 2722 4915 ἁπάντων
2754 4866 2881 4934 πέρι
2929 4867 3116 4938 ζητεῖν
3150 4875 3246 4925 καὶ
3294 4853 3676 4946 διερευνᾶσθαι

2103 4947 2410 5017 βούλεσθαι,
2442 4953 2538 5006 ἅτε
2571 4954 2767 5024 σχολῆς
2795 4957 3024 5027 δεόμενα
3052 4964 3294 5028 πλείονος
3315 5007 3330 5031 ,
3366 4971 3575 5041 ἑτέροις
3618 4975 3672 5027 ἐ-

2105 5057 2289 5108 γνωκα
2343 5043 2452 5096 δεῖν
2486 5049 2844 5116 ταμιεύεσθαι
2875 5057 3116 5122 χρόνοις·
3166 5059 3328 5124 αὐτὸς
3370 5065 3426 5116 δὲ
3484 5068 3676 5134 μόνοις

2100 5131 2219 5185 δυσὶ
2254 5137 2494 5189 τουτοισὶ
2522 5140 2620 5208 τὴν
2647 5143 2827 5195 πᾶσαν
2870 5145 2962 5197 τοῦ
2997 5149 3163 5202 πόθου
3217 5156 3454 5224 σπουδὴν
3483 5165 3674 5226 περιέ.

2097 5223 2314 5292 κλεισα,
2337 5230 2437 5298 τήν
2465 5247 2524 5282 τε
2553 5232 2831 5305 κάθειρξιν
2849 5240 2950 5307 τὴν
2970 5240 3068 5310 σὴν
3097 5245 3308 5311 μαθεῖν,
3332 5248 3532 5321 δηλαδὴ
3553 5256 3669 5314 πῶς

2096 5316 2151 5377 ἐς
2171 5317 2230 5368 τὸ
2257 5317 2562 5391 βιαιότερον
2594 5323 2625 5392 ἦ
2657 5328 2798 5379 κατά
2828 5330 2952 5392 τοὺς
2973 5331 3160 5396 ἄλλους
3193 5316 3539 5408 ἐξενηνέχθαι
3557 5349 3670 5408 τοῖς

2094 5405 2358 5501 ἄρχουσιν
2410 5413 2495 5480 εἴη
2527 5412 2918 5485 ἐψηφισμένον,
2956 5426 3049 5474 καί
3100 5424 3217 5492 ἃμα
3273 5405 3345 5479 τί
3374 5405 3445 5481 ἂν
3483 5433 3569 5501 εἴη
3601 5405 3668 5490 τά

2093 5495 2204 5557 τοῖς
2238 5501 2447 5562 καινοῖς
2485 5503 2621 5569 πρὸς
2670 5505 2775 5558 τῶν
2811 5509 3127 5565 ἐπισκόπων
3159 5517 3251 5568 καὶ
3284 5515 3550 5585 βασίλεων
3576 5524 3670 5590 ἐγ-

2094 5589 2455 5658 γεγραμμένα
2486 5594 2693 5662 τόμοις,
2738 5602 2832 5652 καὶ
2871 5601 2992 5655 ὅτου
3024 5605 3182 5675 χάριν
3224 5610 3378 5662 αὐτοὶ
3412 5612 3534 5667 καθ’
3564 5618 3668 5669 αὖ·
