4044 6496
560 364 665 427 175

1756 352 2171 415 NICEPIIORI
2209 350 2594 414 GREGORE

3709 336 3814 399 176

555 477 861 534 secundum
911 474 1175 545 cujusque
1226 472 1303 530 rei
1354 471 1665 525 domestice
1716 480 1768 524 et
1821 468 2125 525 nobilitatis

2239 464 2734 534 ΒΚαντακουζηνδς
2761 460 3074 533 αἰσχυνθεὶς
3123 457 3316 528 ἔρανον
3363 454 3507 525 πρὸς
3704 450 3818 513 Bo,

458 596 461 599 -
559 572 848 624 rationem.
908 569 985 622 Ita
1040 568 1215 622 tribus
1270 564 1549 620 mensibus
1603 560 1877 632 reliquum
1934 561 2122 630 templi

559 672 759 716 tectum
802 669 1161 747 restauratum
1199 664 1305 711 εει.

624 936 791 990 XXII.
830 934 1087 1001 Quaenam
1159 948 1364 1003 autem,
1430 936 1819 1007 Agatbangele,
1877 936 1948 991 ob
1984 936 2126 990 cala-

556 1031 760 1087 mitatis
786 1033 1237 1100 magnitudinem,
1264 1032 1469 1086 veritus
1494 1048 1561 1087 nc
1595 1033 1849 1087 homines
1877 1032 2123 1101 legerent

555 1132 608 1176 et
649 1121 923 1187 audirent,
961 1120 1014 1174 in
1053 1122 1300 1176 oratione
1335 1130 1425 1175 tua
1461 1122 1717 1177 omisisti.
1747 1123 1933 1191 Neque
1976 1123 2122 1177 enim

558 1215 788 1283 majora.
825 1223 885 1266 ιιι
916 1212 1046 1267 mibi
1078 1213 1496 1283 videtur,qnam
1518 1231 1641 1283 qua:
1664 1225 1765 1270 ate
1799 1216 1943 1269 dicta
1972 1223 2120 1280 sunt,

561 1319 738 1372 neque
778 1304 1133 1358 insolentiora
1182 1314 1413 1373 possunt
1455 1306 1581 1360 dici.
1620 1307 1823 1361 Tamen
1857 1308 2126 1376 parsimo-

559 1397 646 1447 nia
699 1394 930 1464 quadam
986 1395 1253 1449 orationis
1289 1412 1455 1449 unum
1490 1396 1577 1453 vel
1625 1397 1961 1452 duoeorum
2002 1414 2123 1465 qum

560 1487 695 1540 levia
744 1496 872 1540 sunt
908 1487 1066 1541 velim
1112 1489 1243 1541 mibi
1284 1502 1528 1553 enarres,
1580 1502 1648 1541 ne
1696 1489 1855 1555 longo
1904 1489 2124 1543 silentio

522 1579 797 1631 ,illlilllllm
852 1577 903 1629 in
959 1579 1331 1645 suspicionem
1392 1579 1621 1633 inducas
1665 1594 1840 1648 neque
1876 1580 2125 1651 longiore

557 1668 805 1723 oratione
848 1684 1013 1724 aures
1044 1671 1321 1725 audientis
1352 1670 1644 1726 obtundas.

627 1868 814 1923 )tXlll.
836 1870 1075 1923 Primum
1104 1869 1289 1940 igitur,
1322 1870 1506 1925 divine
1537 1871 1638 1934 vir,
1662 1873 1854 1927 audias
1874 1889 1961 1928 me
1996 1892 2121 1929 nar-

558 1975 767 2017 rantem
797 1962 865 2016 de
890 1961 1138 2015 Barbaris
1171 1960 1278 2014 illis
1301 1962 1416 2029 qui.
1442 1962 1880 2031 quandocunque
1911 1966 2123 2030 volunt,

554 2071 678 2111 cum
712 2069 922 2107 summa
956 2053 1233 2107 hilaritate
1276 2053 1705 2123 progrediuntur
1746 2055 1798 2107 in
1837 2056 2035 2124 regias,
2068 2066 2127 2111 ut

560 2149 837 2219 mysteriis
863 2145 1274 2225 superstitionis
1303 2145 1484 2213 impia:
1522 2147 1767 2214 prmsinl,
1801 2155 1855 2200 et
1887 2148 2124 2202 dissolu-

554 2252 668 2296 tam
688 2241 1146 2309 'inconditamqne
1177 2237 1348 2292 vitam
1376 2248 1541 2307 agunt
1572 2238 1913 2305 indulgendo
1947 2241 2127 2295 ventri

556 2344 613 2389 et
641 2331 951 2386 vinolentia:
983 2340 1039 2385 et
1075 2329 1339 2399 quidquid
1366 2329 1666 2398 cupiditate
1694 2332 1922 2385 excitari
1963 2334 2125 2389 solet.

562 2424 626 2479 Ili
665 2424 832 2493 igitur
864 2436 989 2475 cum
1043 2422 1098 2474 in
1135 2421 1339 2489 templo
1381 2420 1526 2488 quod
1576 2421 1631 2473 in
1682 2421 1891 2476 a-dibus
1960 2425 2128 2493 regiis

558 2524 645 2569 est
719 2527 872 2566 sacra
929 2511 1187 2580 mysteria
1238 2507 1434 2561 faettiri
1495 2511 1625 2571 sint,
1684 2509 1737 2562 in
1782 2509 1939 2564 atriis
1982 2510 2127 2564 nuda

551 2620 681 2659 cum
747 2603 1040 2657 saltationc
1116 2600 1397 2653 incondita
1475 2600 1718 2653 carmina
1786 2608 1842 2653 et
1899 2600 2128 2670 hymnos

558 2698 849 2753 Mabometi
899 2704 1124 2751 canunt.
1173 2693 1385 2759 Quibus
1415 2691 1574 2760 203
1608 2691 1776 2747 rebus
1841 2694 2015 2760 magis
2061 2692 2128 2747 ad

557 2803 677 2842 sese
730 2801 890 2855 quam
944 2782 1011 2837 ad
1067 2781 1357 2850 Evangelia
1416 2780 1690 2835 audienda
1754 2782 1979 2836 trahunt
2033 2792 2130 2835 aut

557 2893 748 2933 omnes
799 2884 894 2931 aut
943 2873 1238 2929 nonnullos
1290 2888 1479 2927 eorum
1535 2874 1629 2942 qui
1690 2874 1761 2929 ibi
1815 2875 2129 2944 congregati

558 2979 712 3024 sunt.
742 2970 942 3023 Eodem
991 2966 1153 3021 modo
1183 2965 1248 3019 ad
1286 2966 1491 3035 regiam
1535 2980 1776 3019 mensam
1810 2966 2131 3037 plerumque

557 3061 800 3133 cymbala
823 3058 1086 3114 adbibere
1108 3067 1161 3113 et
1185 3056 1397 3112 ludicra
1421 3058 1785 3112 instrumenta
1809 3068 1863 3112 ct
1886 3060 2129 3116 carmina

562 3152 727 3220 impia
764 3152 967 3205 solent.

2229 559 2466 622 ζαντίων
2496 555 2714 610 κελεύει
2773 551 3199 623 συμφορηοῆνενι
3224 547 3344 627 κατ’
3368 546 3530 608 ἀξίαν
3558 542 3817 596 ἑκάστων

2228 654 2335 706 τῶν
2348 668 2407 703 τε
2428 651 2570 721 μάλα
2587 649 2857 702 πλουσίων
2873 647 2967 700 καὶ
2992 646 3090 715 μὴ,
3104 645 3198 697 καὶ
3221 641 3328 695 τῶν
3349 639 3558 710 μᾶλλον
3577 634 3817 697 ἐνδόξων

2226 744 2323 796 καὶ
2353 744 2451 811 μὴ,
2478 743 2574 795 καὶ
2605 740 2777 801 οὕτως
2821 740 2878 790 ἐν
2908 737 3059 805 τρισὶ
3090 736 3221 805 μησὶ
3250 733 3341 786 καὶ
3365 731 3425 784 τὸ
3460 729 3570 799 τῆς
3598 724 3817 798 ὀροφῆς

2178 876 2181 879 -
2226 834 2319 888 τοῦ
2358 832 2462 883 νεὼ
2489 831 2807 899 λειπόμενον
2835 826 3232 879 ἐκτετέλεσται.

2300 945 2428 999 KB'.
2465 945 2599 997 Τίνα
2639 945 2682 996 δ’
2722 939 2812 1012 ἦν,
2844 934 2894 1000 ὦ
2928 940 3059 993 καλὲ
3108 932 3509 1005 ’Δγαθάγγελε’,
3565 928 3733 984 ταῦθ’
3788 928 3827 981 ἃ

2226 1037 2315 1090 διὰ
2365 1034 2563 1095 κακίας
2624 1020 2875 1101 μέγεθος,
2910 1029 3108 1097 ’φειδοῖ
3163 1026 3273 1081 τῶν
3303 1025 3515 1095 ἀνδρῶν
3556 1019 3824 1081 ἐκείνων,

2226 1130 2333 1182 τῶν
2354 1144 2413 1179 τε
2447 1128 2716 1192 λεγόντων
2742 1124 2883 1192 φημὶ
2911 1124 3002 1175 καὶ
3029 1121 3138 1173 τῶν
3170 1118 3503 1181 ἀκουόντων,
3542 1110 3829 1179 σιωπώσῃ

2230 1220 2599 1290 παρέπεμψας
2619 1216 2835 1286 γλώττῃ
2862 1232 2877 1280 ;
2915 1214 3048 1283 μηδέ
3078 1213 3187 1281 γὰρ
3217 1206 3359 1263 εἷναι
3395 1210 3549 1262 δοκεῖ
3582 1220 3683 1276 μοι
3710 1203 3829 1259 τῶν

2232 1315 2401 1383 μήπω
2443 1310 2509 1379 τι
2564 1324 2647 1361 σοι
2702 1306 3005 1378 λεχθέντων
3041 1306 3109 1357 τά
3158 1303 3423 1377 λεχθέντα
3459 1302 3604 1370 μήτε
3643 1294 3829 1367 μείζω

2231 1408 2369 1474 μήτε
2406 1404 2513 1473 μὴν
2547 1400 2892 1469 ἀτοπώτερα.
2930 1398 3121 1467 Ὅμως
3170 1394 3399 1463 ἐκλογὴν
3435 1389 3828 1459 ποιησάμενος

2234 1498 2298 1550 σύ
2331 1513 2393 1565 γε
2424 1494 2679 1548 κάκεῖθεν
2714 1491 2969 1561 μετρίαν,
2999 1490 3057 1542 ἐν
3091 1489 3120 1557 ἢ
3172 1488 3267 1540 δύο
3298 1488 3409 1538 τῶν
3455 1479 3830 1550 κουφοτέρων

2230 1586 2563 1655 ἀπαγγεῖλαί
2632 1602 2722 1653 μοι
2781 1581 3187 1652 προθυμήθητι,
3220 1580 3296 1640 ὡς
3348 1578 3424 1647 μὴ
3482 1569 3829 1627 ἀποκναίειν

2236 1665 2371 1748 μήτε
2416 1678 2604 1747 μακρᾷ
2634 1677 2761 1744 σιγῇ
2797 1680 2896 1735 τὰς
2949 1673 3105 1743 ἡμῶν
3136 1671 3390 1732 ὑπονοίας
3421 1669 3559 1738 μήτε
3601 1679 3829 1736 μακρο-

2161 1812 2203 1865 Β
2234 1774 2411 1841 τέροις
2443 1770 2622 1835 λόγοις
2656 1767 2755 1827 τὰς
2786 1762 2939 1833 ἡμῶν
2970 1763 3162 1825 ἀκοάς.

2300 1884 2427 1936 Kl".
2462 1882 2571 1934 Kal.
2615 1880 2713 1948 μὶν
2742 1878 2807 1948 δὴ
2850 1893 3067 1944 πρῶτον
3099 1877 3242 1929 ἔστω
3292 1893 3398 1939 σοι,
3438 1874 3560 1927 θεία
3600 1888 3701 1941 μοι
3728 1884 3829 1922 κε-

2228 1973 2395 2041 φαλὴ,
2436 1972 2572 2040 πρὸς
2618 1970 2884 2040 ἀκρόασιν
2929 1970 2990 2020 τὸ
3026 1969 3157 2037 περὶ
3196 1968 3306 2019 τῶν
3334 1965 3631 2036 βαρϐάρων
3675 1961 3826 2014 ἐκεί-

2227 2080 2357 2119 νων,
2417 2062 2466 2113 οἳ
2506 2061 2773 2130 διηνεκῶς
2814 2059 2909 2111 καὶ
2963 2057 3364 2126 ὅτεβούλοιντο
3416 2055 3553 2124 μετά
3604 2049 3822 2118 πολλῆς

2228 2154 2550 2223 κωμάζουσι
2583 2152 2686 2219 τῆς
2745 2150 3032 2220 ῥᾳστώνης
3074 2151 3151 2212 είς
3191 2148 3259 2200 τὰ
3291 2146 3564 2225 βασίλεια,
3599 2158 3822 2215 μυστα-

2229 2243 2401 2312 γωγοὶ
2439 2242 2534 2294 καὶ
2582 2241 2836 2311 πρόεδροι
2886 2239 2984 2307 τῆς
3022 2237 3251 2300 ἀσεσοῦς
3282 2234 3583 2306 θρησκείας
3632 2234 3827 2293 ὄντες,

2230 2329 2325 2382 καὶ
2381 2327 2497 2397 βίον
2531 2328 2653 2397 μὲν,
2681 2328 2756 2389 ὡς
2787 2328 2975 2394 φασιν,
3003 2326 3236 2379 ἀσκευόν
3268 2343 3326 2378 τε
3364 2326 3459 2377 καὶ
3497 2323 3681 2390 ἄζυγα
3718 2320 3818 2390 βό-

2230 2436 2474 2485 σκοντες,
2504 2421 2706 2489 γαστρὶ
2724 2420 2779 2472 δέ
2807 2419 3029 2472 πάντων
3070 2420 3307 2487 μάλιστα
3333 2416 3687 2477 δουλεύοντες
3720 2412 3827 2466 καὶ

2230 2509 2636 2579 ἀκρατοποσίας
2668 2508 2996 2579 ἡττώμενοι,
3028 2509 3251 2561 καιὸσα
3286 2510 3345 2560 τὸ
3383 2506 3479 2575 τῆς
3508 2501 3824 2572 ἐπιθυμίας

2230 2607 2531 2659 ἀκόλαστον
2567 2605 2890 2671 ἀναφλέγει.
2941 2598 3105 2656 Οὗτοι
3144 2602 3325 2654 τοίνυν
3377 2599 3683 2669 μελλούσης
3712 2597 3821 2663 τῆς

2234 2700 2383 2769 ἱερᾶς
2410 2698 2690 2751 τελεῖσθαι
2727 2698 3120 2766 μυσταγωγίας
3153 2696 3211 2748 ἐν
3262 2693 3341 2763 τῷ
3378 2693 3487 2746 τῶν
3522 2689 3825 2761 βασιλείων

2232 2790 2387 2867 ἐκτὸς
2435 2790 2566 2859 ἱερῷ
2597 2790 2841 2857 τεμένει,
2874 2788 3071 2858 χοροὺς
3124 2786 3383 2846 ίστῶντες
3414 2784 3615 2837 ἐκεῖνοι
3657 2780 3824 2847 παρὰ

2230 2880 2328 2941 τὰς
2362 2877 2669 2948 βασιλείους
2701 2876 2869 2939 αὐλὰς
2933 2875 3223 2945 ἀντᾴδουσί
3272 2890 3331 2926 τε
3379 2873 3480 2943 τὴν
3531 2870 3823 2939 γυμνικὴν

2232 2971 2450 3040 ἐκείνην
2482 2970 2807 3039 ὀρχούμενοι
2851 2968 3101 3037 ὖρχησιν,
3138 2965 3234 3018 καὶ
3272 2965 3506 3034 ἀσήμοις
3542 2962 3822 3029 κλαγγαῖς

2234 3064 2333 3125 τὰς
2362 3061 2459 3113 τοῦ
2494 3060 2744 3127 Μωάμεθ
2776 3057 3090 3111 ἀναϐοῶσιν
3114 3056 3256 3127 ᾠδὰς
3287 3057 3385 3108 καὶ
3413 3054 3541 3117 τοὺς
3580 3052 3819 3122 ὕμνους.

2160 3143 2205 3205 C
2238 3148 2404 3222 δι’,ὧν
2438 3155 2533 3207 καὶ
2574 3153 2930 3206 ἀνθέλκουσιν
2962 3151 3099 3220 πρὸς
3124 3149 3224 3219 τὴν
3256 3148 3467 3201 ἑαυτῶν
3504 3144 3708 3216 μᾶλλον
3759 3146 3826 3197 ἀ-

560 3247 788 3317 κρόασιν
815 3246 847 3316 ἢ
879 3248 975 3315 τὴν
1000 3245 1108 3298 τῶν
1133 3246 1292 3299 θείων
1324 3246 1671 3314 Εὒαγγελὶων
1701 3247 1831 3300 ποτέ
1896 3248 1995 3317 μὲν
2054 3250 2259 3317 πάντας
2289 3250 2497 3314 ἁπλῶς,
2548 3250 2680 3303 ποτὶ
2728 3250 2773 3302 δ’
2844 3247 3017 3310 ἐνίους
3064 3245 3175 3299 τῶν
3221 3244 3603 3314 ἠθροισμένων
3666 3243 3815 3298 ἐκεῖ.

561 3340 634 3394 Τὸ
664 3341 709 3392 δ’
748 3339 880 3391 αὐτὸ
908 3340 1158 3408 καὶπερὶ
1197 3340 1297 3408 τὴν
1325 3338 1598 3408 βασίλειον
1631 3342 1916 3411 τράπεζαν
1942 3343 2141 3413 opibus:
2184 3346 2259 3407 ὡς
2297 3346 2367 3397 τά
2420 3343 2593 3396 πολλά
2637 3344 2776 3413 μετά
2824 3358 2887 3408 γε
2930 3339 2993 3413 [ί.
3039 3339 3137 3394 112
3171 3336 3245 3409 ν.]
3286 3336 3351 3406 δὴ
3390 3334 3687 3405 κυμσάλων
3714 3341 3821 3392 καὶ

561 3429 874 3499 θυμελικῶν
907 3427 1157 3497 ὀργάνων
1204 3428 1297 3480 καὶ
1328 3428 1616 3497 ᾀσμάτων,
1653 3430 1825 3481 ὁπόσα
1867 3431 1979 3492 τοῖς
2006 3432 2267 3485 ἀσεϐέσιν
2307 3432 2564 3487 εἴθισται.

632 3542 823 3598 XXIV.
862 3540 979 3596 Iloc
1025 3556 1193 3595 unum
1220 3557 1247 3595 a
1283 3558 1367 3596 me
1395 3544 1575 3597 obiter
1604 3544 1811 3598 dictum
1848 3546 1942 3600 sit.
1990 3544 2139 3600 Reli-

565 3650 734 3706 quum
766 3640 850 3687 est
883 3632 954 3686 ob
984 3647 1257 3686 aerumnas
1288 3648 1351 3687 ac
1384 3634 1603 3688 labores
1640 3635 2006 3714 barbarorum
2040 3652 2138 3691 co-

566 3728 685 3796 pias
727 3740 792 3779 ex
836 3724 1084 3793 Bithynia
1139 3724 1190 3777 in
1226 3724 1499 3793 Europam
1553 3725 2136 3795 proficisci'noluissc,

565 3833 667 3873 nec
703 3817 1087 3873 Cantacuzeno
1124 3817 1234 3885 regi
1267 3830 1390 3870 cum
1422 3816 1489 3869 ad
1528 3832 1585 3871 se
1615 3829 1839 3872 vocaret
1874 3834 1933 3873 se
1958 3820 2139 3889 appli-

568 3916 804 3961 caturas.
859 3904 976 3970 Qua
1051 3920 1107 3958 re
1174 3905 1265 3959 ille
1316 3914 1565 3969 coactus,
1616 3915 1826 3962 turmas
1888 3908 2138 3964 mercede

576 3994 880 4050 conductas
923 4008 1047 4048 cum
1084 3995 1410 4049 mulieribus
1455 4006 1511 4050 et
1545 3998 1738 4053 liberis
1775 4001 1829 4053 in
1861 4000 2137 4070 Europam

568 4086 983 4155 transportavit,
1011 4100 1131 4155 quae
1166 4087 1213 4140 ei
1246 4087 1374 4141 visae
1398 4098 1526 4142 sunt
1557 4104 1677 4143 esse
1714 4092 2060 4147 munimento
2083 4102 2139 4147 et

571 4177 828 4231 terriculo
851 4177 1149 4247 Palmologo
1166 4193 1368 4245 genero
1387 4187 1642 4248 tanquam
1662 4180 1930 4253 Gorgonis
1950 4183 2137 4240 facies.

568 4266 840 4321 Triballos
885 4267 1255 4337 ilysosque‘in
1286 4270 1578 4325 nonnullas
1609 4270 1941 4329 Chersonesi
1973 4276 2141 4332 urbes

560 4363 987 4433 transportavit,
1027 4363 1071 4415 si
1120 4362 1261 4417 forte
1295 4379 1361 4417 ex
1415 4364 1482 4418 iis
1530 4374 1715 4420 essent
1753 4369 1845 4437 qui
1883 4369 2017 4423 socii
2053 4368 2137 4422 sui

569 4454 623 4508 in
661 4453 805 4507 bello
831 4467 957 4507 esse
991 4452 1196 4507 vellent
1228 4460 1286 4507 ut
1327 4453 1605 4509 Romanos
1641 4456 1765 4510 illos
1804 4459 2038 4513 miseros
2084 4459 2138 4513 in

568 4543 834 4597 servitute
890 4546 1193 4598 retinerent
1249 4545 1507 4600 mandato
1559 4547 1705 4615 regis
1749 4563 1813 4602 ac
1862 4550 2141 4605 voluntate

528 4650 539 4659 ’
569 4635 761 4705 adjuti.
810 4634 962 4691 Unde
997 4644 1252 4703 tanquam
1285 4651 1350 4689 ex
1390 4636 1759 4692 munitissimo
1790 4641 2141 4709 receptaculo

568 4728 774 4798 egressi
815 4727 1118 4795 proximam
1156 4726 1407 4781 Thracia:
1444 4738 1653 4796 partem
1690 4732 1981 4784 vastabant
2013 4733 2141 4786 sub-

565 4818 959 4890 jiciebantqne.
1025 4817 1142 4873 Jam
1206 4834 1339 4874 vero
1394 4818 1625 4890 Hyrcani
1696 4820 1841 4874 ﬁlius
1890 4822 1982 4891 qui
2042 4839 2140 4891 per
2175 4806 2216 4859 θ

571 4918 981 4987 Hellespontum
1019 4916 1295 4985 profectus
1322 4927 1441 4971 erat
1486 4928 1741 4986 tanquam
1779 4918 1829 4971 in
1865 4919 2135 4973 coloniam

568 5020 624 5065 et
657 5009 885 5077 patriam
910 5018 1116 5061 terram
1154 5008 1403 5061 habitare
1457 5010 1531 5061 ibi
1582 5025 1705 5064 cum
1760 5010 2014 5065 Barbaris
2043 5013 2135 5081 qui

569 5103 734 5172 paulo
797 5110 923 5153 ante
986 5101 1091 5153 huc
1121 5104 1384 5153 venerant
1433 5116 1489 5154 se
1524 5116 1680 5168 posse
1733 5102 1982 5170 putabat.
2013 5103 2141 5168 Qua:

572 5206 705 5243 vero
740 5199 1043 5257 sequuntur
1079 5198 1137 5241 ut
1182 5191 1439 5258 prudenti
1471 5191 1671 5259 cuique
1707 5192 2002 5246 admodum
2048 5209 2141 5248 co-

571 5280 744 5350 gnita,
777 5280 822 5333 si
878 5280 1139 5343 volucris,
1179 5281 1389 5334 ticcbu.
1448 5282 1612 5351 204,
1666 5284 1799 5337 Nam
1862 5296 1921 5338 ut
1973 5287 2140 5340 certis

571 5373 880 5427 rationibus
930 5373 1192 5441 conjictas
1223 5390 1285 5428 ea
1332 5390 1453 5443 quze
1501 5376 1723 5429 silentio
1774 5381 2137 5445 prmiormisse

570 5470 701 5512 sunt
726 5459 902 5528 qualia
937 5460 1047 5513 sint
1082 5454 1240 5515 facile
1275 5472 1325 5516 te
1346 5474 1726 5518 assecuturum
1760 5458 1912 5533 puto,
1937 5470 1980 5521 si
2016 5486 2139 5538 qua:

570 5551 713 5602 dicta
748 5560 872 5601 sunt
909 5551 1078 5620 probe
1116 5552 1380 5614 audieris,
1408 5554 1510 5606 etsi
1539 5555 1840 5622 asperrima
1871 5569 1997 5610 sunt
2030 5560 2140 5611 lor-

569 5639 712 5692 sitan
769 5655 889 5708 qua:
950 5641 1206 5694 Callistus
1270 5642 1325 5696 in
1380 5642 1826 5701 Cantacuzcnum
1888 5649 2140 5705 invectus

566 5731 921 5787 acetbSSsitnc
952 5735 1216 5790 evomuit.

2316 3549 2438 3605 KA'.
2481 3551 2579 3602 Ἓν
2634 3547 2826 3617 μὲνδὴ
2880 3542 3042 3598 τοῦτο
3099 3541 3344 3607 σιίιωδῶς
3401 3544 3639 3614 είρήσθω
3683 3558 3819 3613 μοι’

2240 3642 2494 3712 δεύτερον
2528 3644 2573 3696 δ’
2599 3642 2681 3695 ὅτι
2734 3642 2830 3693 καὶ
2856 3640 2943 3691 διὰ
2973 3638 3034 3692 τὸ
3067 3636 3407 3706 πολύμοχθόν
3439 3654 3499 3690 τε
3524 3639 3619 3690 καὶ
3651 3637 3823 3690 πολυ-

2242 3732 2468 3801 ἀσχολον
2498 3731 2567 3784 τά
2596 3731 2707 3783 τῶν
2755 3727 3047 3799 βαρρἀρων
3083 3727 3423 3797 στρατόπεδα
3462 3727 3823 3797 διαπεραιοῦ-

2244 3824 2372 3876 σοαι
2406 3824 2630 3893 συχνότε
2644 3839 2736 3893 ρον
2765 3822 2901 3892 πρὸς
2933 3819 3208 3891 Εὐρώπην
3232 3821 3297 3873 ἐκ
3327 3818 3582 3882 Βιθυνίας
3604 3820 3824 3888 ἀπηγο-

2246 3916 2507 3986 ρεύκασιν
2542 3914 2664 3983 ήδη,
2694 3914 2789 3966 καί⁸
2824 3913 3015 3967 οὐκέτι
3049 3908 3308 3964 καλοῦντι
3329 3910 3412 3979 ’τῷ
3438 3909 3655 3981 βασιλεῖ
3674 3910 3825 3964 Καν-

2242 4006 2567 4077 τακουζηνῷ
2596 4005 2890 4075 προσέχειν
2921 4005 3134 4071 ἔφασαν
3164 4000 3323 4065 αὖθις
3360 4003 3452 4057 τὸν
3500 4000 3625 4055 νοῦν
3648 4018 3662 4032 ’
3692 4003 3825 4056 ὅθεν

2244 4095 2662 4164 ἀναγκασθέντα
2690 4094 2880 4148 τοῦτον
2907 4093 3141 4160 λογάδας
3192 4092 3407 4145 ἐκεῖθεν
3438 4091 3824 4159 μισθώσασθαι

2240 4205 2302 4241 τε
2344 4188 2438 4240 καὶ
2474 4188 2592 4257 ἀμα
2618 4188 2835 4254 γυναιξί
2857 4205 2915 4242 τε
2947 4189 3043 4241 καὶ
3067 4188 3281 4249 τέκνοις
3307 4185 3390 4247 είς
3420 4184 3695 4253 Εὐρώπην
3720 4200 3821 4253 με-

2241 4282 2544 4348 τενεγκεῖν,
2582 4280 2814 4345 ὁπόσους
2862 4282 3204 4352 ἀποχρήσειν
3248 4278 3427 4345 ἔδοξεν
3475 4279 3557 4342 είς
3611 4279 3827 4333 ἐπιτεί-

2244 4392 2418 4444 χισμα
2447 4375 2541 4427 καὶ
2575 4372 2849 4443 φόῦητρον
2905 4375 3025 4427 ἀντὶ
3052 4372 3316 4445 Γοργόνος
3345 4371 3512 4442 ἀλλης
3548 4370 3644 4425 τοῦ
3670 4388 3827 4441 γαμ-

2246 4465 2376 4534 ϐροῦ
2422 4465 2812 4532 Παλαιολόγου,
2857 4466 2949 4519 καὶ
2978 4467 3034 4520 εἴ
3061 4482 3146 4529 τις
3174 4457 3370 4535 ἐκέίνῳ
3402 4463 3645 4534 βούλοιτο
3680 4483 3825 4538 συμ-

2248 4558 2442 4624 μαχεῖν
2487 4559 2552 4608 ἐκ
2584 4555 2903 4621 Τριϐαλλῶν
2938 4557 3032 4611 καὶ
3063 4556 3286 4609 Μυσῶν.
3332 4556 3447 4609 Καὶ
3484 4554 3685 4616 αὐτοὺς
3712 4557 3825 4609 τῶν

2246 4649 2305 4700 ἐν
2347 4649 2679 4719 Χερρονήσῳ
2708 4645 2915 4701 πόλεων
2946 4647 3208 4711 ἐνοικίζει
3243 4648 3404 4713 τισὶν,
3453 4647 3530 4709 ώς
3578 4649 3671 4700 καὶ
3700 4647 3825 4701 δού-

2245 4739 2360 4802 λοις
2383 4741 2691 4809 διηνεκέσιν
2724 4740 2825 4809 ἥδη
2876 4739 3183 4809 κεχρῆσθαι
3214 4739 3527 4793 παντάπασι
3557 4742 3669 4803 τοῖς
3702 4740 3826 4792 ἐκεῖ

2248 4830 2622 4900 ταλαιπώροις
2658 4827 2971 4898 Ῥωμαίοις,
3015 4829 3115 4897 τῆς
3148 4829 3392 4898 ἐφέσεως
3427 4829 3822 4897 συνειληφότας

2248 4926 2541 4991 ἐπίκουρον
2578 4922 2676 4993 ἤδη
2710 4922 2892 4975 καὶτὸ
2930 4922 3024 4975 τοῦ
3077 4922 3345 4992 βασιλέως
3377 4922 3678 4992 ἐνδόσιμον,
3716 4922 3822 4989 ἀφ’

2249 5008 2324 5068 ὧν
2353 5016 2435 5086 ὡς
2455 5015 2512 5079 ἐξ
2540 5014 2884 5084 ὀρμητηρίου
2915 5015 3101 5066 λοιπον
3145 5014 3425 5083 ἀσφαλοῦς
3463 5016 3699 5081 ἐξιόντες
3729 5017 3812 5066 κα⁸

2250 5107 2349 5175 τὴν
2374 5105 2499 5174 ἑξῆς
2520 5108 2607 5159 ἀεὶ
2638 5106 2915 5175 ληϊζονταί
2947 5122 3005 5157 τε
3038 5106 3132 5158 καὶ
3157 5106 3543 5159 ὑποποιοῦνται
3574 5108 3819 5176 Θρᾴκην.

2254 5197 2396 5264 Ἰιδη
2427 5198 2482 5249 δὲ
2531 5201 2623 5249 καὶ
2658 5198 2686 5248 ὁ
2726 5196 2821 5248 τοῦ
2865 5197 3136 5266 Ὑρκανοῦ
3173 5200 3298 5260 παῖς
3345 5196 3420 5260 ὡς
3466 5201 3545 5260 εἰς
3596 5198 3731 5249 ίδξαν
3759 5200 3825 5251 ἀ-

2250 5290 2473 5340 ποικίαν
2498 5289 2589 5340 καὶ
2631 5287 2866 5355 πατρίαν
2899 5288 3003 5356 γῆν
3040 5288 3233 5351 διαϐὰς
3270 5289 3361 5341 τὸν
3402 5289 3818 5357 Ἑλλήσποντον,

2252 5381 2527 5431 συνοικεῖν
2590 5380 2708 5430 ἐκεῖ
2772 5380 2884 5440 τοῖς
2944 5379 3110 5447 ὀλίγῳ
3173 5381 3437 5449 πρότερον
3512 5379 3825 5448 ἐληλυθόσιν

2252 5470 2433 5537 ἔκρινε
2460 5470 2570 5523 δεῖν
2601 5471 2835 5531 ἐκείνοις
2862 5470 3179 5539 βαρϐάροις.
3200 5472 3279 5524 Tit
3309 5470 3353 5525 δ’
3384 5472 3507 5541 ἑξῆς
3536 5471 3614 5533 ὡς
3643 5471 3824 5541 ἥκιστ’

2248 5560 2421 5627 ἄδηλα
2453 5561 2559 5614 τῶν
2594 5560 2831 5613 συνετῶν
2862 5562 3092 5630 οὐδέσιν,
3128 5566 3176 5617 εί
3219 5563 3431 5633 βούλοιο
3477 5564 3563 5629 σὺ,
3610 5565 3824 5634 σιωπή-

2250 5668 2450 5719 σομαι·
2480 5654 2791 5725 ἀποχρῆναι
2826 5643 2932 5726 γάρ
2974 5654 3128 5727 οἶμαι
3178 5662 3272 5711 καὶ
3321 5660 3419 5729 τὴν
3461 5661 3569 5713 τῶν
3607 5676 3823 5713 σιωπω-

2252 5742 2426 5809 μένων
2462 5745 2792 5815 συμϐάλλειν
2826 5749 3075 5803 ἐντεῦθεν
3127 5751 3387 5821 ποιότητα
3431 5753 3825 5822 λογικωτέραις
