4044 6502
231 345 329 414 εει

1276 345 1724 408 BYZANTiN/B
1766 341 2154 404 HISTORIB
2193 344 2343 404 LIB.
2386 347 2600 412 XXIX.
3407 351 3512 414 £22

228 435 557 536 δοκιμασίαν
581 464 1057 536 ἐπιψηφιζομένου
1107 465 1184 521 Οὗ
1215 469 1322 536 γὰρ
1350 467 1458 521 τῶν
1485 465 1805 537 ἁρξαμένωι

1919 476 2135 522 certare
2166 475 2296 522 sunt
2356 482 2576 523 coronae
2632 480 2690 523 et
2737 469 2986 538 praemia,
3014 469 3112 524 sed
3167 484 3357 524 eorum
3414 467 3513 540 qui

228 557 412 612 ἀθλεῖν
444 560 494 611 oi
531 560 794 629 στέφανοι
828 559 924 612 καὶ
965 559 1033 612 τὰ
1067 557 1296 623 Ιπαθλα,
1335 558 1474 613 ἀλλὰ
1519 557 1629 611 τῶν
1679 556 1812 626 ἄχρι

229 650 422 712 τέλους
449 649 641 703 ἀνύειν
672 649 1148 720 προθυμουμένων
1169 650 1388 704 ᾶπαντα
1429 649 1524 702 τὸν
1563 646 1658 702 τοῦ
1689 648 1814 717 δρο-

233 757 336 810 μου
383 740 629 795 δίαυλον.
666 742 759 793 Διὸ
801 743 899 795 καὶ
949 741 1213 806 πολλάκις
1254 741 1438 795 ἄλλων
1491 738 1813 793 κοπιώντων

229 830 383 884 ἄλλοι
416 832 547 895 τοὺς
585 833 814 886 ἐκείνων
847 832 1082 904 μόχθους
1111 833 1348 903 ἀπονητὶ
1379 831 1720 902 λαμϐάνουσί
1749 844 1810 882 τε

229 925 324 977 καὶ
374 924 731 986 ἀπολαύουσι,
794 925 923 994 μήτ’
982 924 1209 978 ἐκείνων
1261 924 1655 993 ζημιουμένων
1709 923 1808 986 τὰς

227 1015 468 1085 ἀμοιϐὰς
527 1018 664 1086 πρὸς
707 1016 804 1071 τοῦ
849 1017 1317 1085 ἀγωνοθετοῦντος
1377 1017 1513 1072 Θεοῦ
1571 1017 1662 1069 διὰ
1715 1019 1809 1068 τοῦ

234 1105 441 1178 μεταξὺ
491 1108 600 1165 τῶν
652 1110 882 1179 ἀγώνων
939 1096 1199 1177 θανάτου,
1252 1111 1348 1165 καὶ
1401 1109 1513 1162 τῶν
1567 1109 1812 1178 ὑστέρων

231 1201 637 1256 κοινωνούντων
687 1206 803 1268 τοῖς
845 1201 1084 1274 πρώτοις
1141 1202 1231 1256 διὰ
1285 1202 1386 1272 τὴν
1431 1202 1540 1256 τῶν
1586 1203 1811 1272 τρόπων

229 1293 536 1362 ὁμοιότητα
595 1284 694 1364 τῆς
740 1294 1002 1364 διανομῆς
1048 1295 1158 1347 τῶν
1213 1292 1503 1364 βραδείων,
1535 1295 1606 1346 τὰ
1666 1293 1808 1364 βάθη

228 1383 339 1437 τῶν
383 1383 482 1436 τοῦ
532 1384 668 1438 Θεοῦ
709 1385 1002 1456 χριμάτων
1035 1387 1094 1440 οὺ
1147 1386 1467 1455 δυναμένων
1498 1387 1559 1439 ἐν
1593 1385 1811 1448 τούτοις

229 1475 391 1547 ἡμῶν
423 1479 674 1550 ἐρευνᾷν.

301 1566 389 1624 κ’.
455 1569 708 1624 Εἰκάσειε
753 1570 796 1624 δ’
851 1570 917 1624 άν
981 1587 1066 1633 τις
1120 1568 1251 1633 ίσως
1302 1569 1380 1633 ὡς
1425 1570 1539 1634 τοῖς
1586 1567 1810 1623 ἀσεϐέσι

230 1661 496 1723 διῶκταις
539 1661 697 1732 ἡμῶν
735 1663 974 1715 τουτοισὶ
1026 1663 1319 1732 μετανοίας
1363 1660 1600 1730 ἀνοίγων
1633 1659 1810 1731 θύραν

228 1755 464 1817 θκοινὸς
495 1753 816 1826 προμηθεὺς
861 1753 1045 1808 δίδωσί
1084 1768 1143 1806 τε
1185 1755 1450 1822 διαμονῆς
1483 1753 1678 1822 καιρὸν
1721 1754 1809 1806 ἐν·

226 1846 442 1910 ταυθοῖ,
488 1847 584 1910 καὶ
640 1844 996 1915 ὑπερτίθησιν
1038 1846 1327 1915 ἐκατέροις
1376 1842 1641 1911 ἑκάτερα,
1676 1826 1809 1914 ἡμῖν

227 1955 290 1992 τε
350 1939 449 2008 τὴν
501 1939 651 1991 θείαν
705 1935 1029 2006 ἐπικουρίαν
1094 1937 1372 1999 κάκείνοις
1432 1936 1534 2005 τὴν
1588 1933 1809 1988 δικαίαν

231 2030 600 2096 ἐπεξέλευσιν.
634 2030 696 2101 [Ι.
735 2028 836 2084 127
876 2030 951 2102 r.]
985 2029 1234 2082 Παιδεύει
1285 2027 1330 2080 δ’
1353 2026 1447 2081 οὖν
1484 2027 1633 2094 ὅμως
1666 2041 1808 2095 συμ-

229 2119 406 2187 φορὰς
434 2120 711 2190 ἐπιφέρων
742 2118 839 2172 νῦν
872 2119 970 2189 μὶν
1001 2119 1060 2184 ἐξ
1091 2117 1340 2187 ἀλλήλων
1370 2116 1622 2186 ἀλλήλοις
1656 2114 1810 2169 ἀλλε-

233 2207 564 2278 παλλήλους,
605 2209 694 2262 ἵνα
734 2208 939 2279 μᾶλλον
973 2211 1072 2278 τῆς
1118 2207 1329 2261 ἑαυτῶν
1379 2206 1584 2268 κακίας
1615 2203 1810 2259 αἰσθά-

230 2317 405 2354 νοιντο
436 2302 518 2366 (οὐ
563 2300 674 2370 γὰρ
715 2302 858 2353 κατὰ
892 2299 986 2353 τοῦ
1035 2298 1244 2367 ἀγαθοῦ
1285 2300 1445 2367 μόνον
1502 2296 1716 2367 μέμηνε
1747 2297 1808 2349 τὸ

228 2395 419 2460 κακὸν,
459 2393 594 2446 ἀλλὰ
620 2394 716 2448 καὶ
746 2394 922 2463 ἐαυτῷ
955 2392 1236 2455 στασιάζει
1272 2394 1366 2446 καὶ
1396 2391 1676 2462 μάχεται),
1711 2391 1806 2444 νῦν

227 2480 273 2534 δ’
308 2482 694 2548 ἐπιταράττων
726 2482 823 2533 καὶ
867 2478 1238 2544 διασκεδάζων
1284 2479 1548 2549 ἐξαίφνης
1581 2480 1807 2534 ἄλλοθεν

226 2577 412 2631 ἄλλοθι
445 2577 537 2630 καὶ
588 2576 998 2646 ἀντιπερισπῶν
1033 2577 1122 2628 τὸν
1173 2573 1549 2627 ἆπανταωοῦν
1579 2575 1696 2637 τοῖς
1725 2575 1806 2626 ol-

225 2669 394 2731 κείοις
433 2670 719 2739 προσέχειν
757 2668 1044 2737 παθήμασί
1094 2685 1152 2720 τε
1202 2668 1295 2719 καὶ
1333 2668 1679 2737 άτοπήμασι,
1711 2667 1806 2720 καὶ

227 2761 304 2831 μὴ
345 2762 528 2831 μόνοις
576 2761 884 2831 ὁλοσχερῶς
918 2763 1005 2813 ἀεὶ
1035 2763 1150 2824 τοῖς
1186 2761 1344 2832 ἡμῶν
1384 2762 1659 2832 ὲντρυφᾷν
1689 2759 1806 2814 ἀδί-

226 2870 344 2915 κοις
368 2852 595 2906 ὀνείδεσί
622 2866 682 2905 τε
711 2854 806 2906 καὶ
839 2854 1122 2923 διωγμοῖς.

294 2943 429 2998 KA'.
475 2943 684 2997 Ἐκεῖνο
722 2945 778 2998 δὲ
813 2945 931 3008 πῶς
964 2944 1064 2997 οὐκ
1118 2944 1185 2999 ἄν
1233 2961 1318 3008 τις
1374 2941 1661 3013 θαυμάσαι
1704 2941 1806 3012 τῆς

223 3036 374 3098 θείας
412 3036 743 3104 οίκονομίας,
775 3039 858 3089 ὅτι
891 3039 1041 3105 παρᾶ
1067 3037 1328 3090 τοσοῦτον
1357 3033 1804 3106 Καντακουζηνῷ

231 3128 619 3200 συγκεχώρηκε
664 3129 764 3198 τὴν
814 3129 909 3182 τοῦ
960 3130 1222 3197 μεγίστου
1273 3129 1371 3199 τῆς
1412 3129 1506 3190 τοῦ
1541 3128 1678 3181 Θεοῦ
1713 3146 1800 3181 σο-
1827 3125 1870 3182 C

227 3222 354 3291 φίας
384 3221 489 3273 νεὼ
522 3220 780 3292 βραχεῖαν
811 3222 1026 3291 ἐκείνην
1058 3220 1376 3291 οἰκοδομὴν,
1409 3218 1506 3272 τοῦ
1543 3221 1672 3290 περὶ
1710 3220 1799 3274 τὸν

221 3314 422 3384 ὄροφον
455 3313 652 3382 δηλαδὴ
675 3313 1089 3382 τεθραυσμένου
1125 3312 1349 3385 μέρους,
1384 3313 1512 3383 παρ’
1545 3313 1669 3366 ὅσον
1700 3315 1800 3382 τήν

223 3422 286 3476 τε
327 3405 462 3475 πρὸς
504 3408 696 3475 χιόνων
742 3406 834 3457 καὶ
887 3405 1112 3473 ὄμϐρων
1167 3405 1428 3476 αἰθερίων
1477 3406 1801 3476 ἀποτροπὴν

222 3493 609 3548 ἀνασώσασθαι
644 3494 884 3561 σκέπηνς
916 3491 1060 3547 Ὅσα
1104 3493 1149 3547 δ’
1178 3490 1276 3546 οὖν
1299 3495 1411 3547 τῶν
1447 3494 1599 3558 ἐντὸς
1631 3498 1803 3565 ὑπερ-

221 3586 495 3653 λάμπρων
539 3583 700 3654 ιερῶν
746 3583 1053 3649 περιϐόλων
1088 3584 1316 3637 ἐκείνων
1365 3585 1462 3637 καὶ
1500 3585 1798 3654 θυσιαστη-

224 3678 358 3748 ρίων
389 3676 561 3743 ἁγίων
589 3676 940 3728 παντάπασιν
965 3674 1239 3728 ἀνάλωται
1267 3675 1364 3728 καὶ
1386 3675 1797 3742 συντέτριπται,

221 3774 398 3828 ταῦτα
427 3772 472 3826 δ’
504 3771 760 3825 ἀσεϐέσιν
807 3771 971 3823 αὐτοῦ
1012 3771 1103 3824 καὶ
1144 3770 1395 3841 βεϐήλοις
1429 3772 1799 3842 ἀνεγηγέρθαι

225 3867 412 3936 χερσὶν
458 3863 667 3935 οὐδαμῆ
725 3863 1144 3932 συγκεχώρηται
1202 3862 1337 3932 πρὸς
1385 3863 1544 3927 Θεοῦ,
1581 3865 1698 3917 ἀλλ’
1740 3865 1799 3917 ἐν

227 3957 367 4029 μέση
439 3955 604 4026 φάναι
677 3954 875 4026 πορείᾳ
947 3958 1047 4025 τῆς
1113 3954 1361 4019 ἐξουσίας
1434 3955 1800 4028 ἐκπέπτωκεν

224 4048 454 4112 ἀκλεῶς,
488 4046 688 4117 χλεύην
723 4047 938 4116 μακρὰν
972 4045 1375 4110 καταλελοιπὼς
1424 4046 1504 4116 τῷ
1542 4048 1645 4118 βίῳ
1673 4047 1800 4102 καθ’

225 4139 422 4194 ἐαυτοῦ
452 4139 542 4192 διὰ
567 4137 666 4208 τὴν
701 4138 1058 4207 καινοτομίαν
1086 4139 1187 4207 τῆς
1219 4141 1476 4202 πίστεως.
1508 4140 1646 4194 Οὐδὲ
1689 4142 1800 4210 γὰρ

224 4226 292 4303 ῆν
315 4229 464 4293 εἰκὸς
517 4230 586 4283 τὰ
631 4229 769 4300 πρὸς
813 4227 1034 4298 ἔλεγχον
1068 4229 1285 4298 ἐμφανῆ
1336 4233 1433 4300 τῆς
1485 4230 1656 4284 αὑτοῦ
1705 4232 1800 4284 καὶ

224 4323 330 4376 τῶν
379 4321 519 4392 ἀμφ’
565 4321 732 4374 αὐτὸν
787 4320 1105 4384 δυσσεϐείας
1139 4321 1458 4376 ἀπολωλότα
1513 4322 1585 4377 δι’
1632 4323 1798 4378 αὑτοῦ

226 4413 390 4470 πάλιν
421 4412 799 4468 ἀνανεοῦσθαι.

1918 575 2097 629 usque
2122 559 2190 614 ad
2227 561 2389 614 tinem
2423 559 2640 616 emoliri
2671 561 2848 630 parati
2882 569 3013 615 sunt
3039 571 3210 616 totum
3241 560 3511 616 curriculi

1913 651 2390 722 apatium.Quare
2414 651 2581 706 etiam
2629 667 2774 721 saepe
2822 651 2944 706 aliis
2985 651 3369 706 laborantibus
3419 650 3512 704 alu

1914 745 2133 798 Illorum
2153 744 2372 807 labores
2393 742 2512 798 sine
2537 741 2727 798 labore
2750 744 2989 798 subeunt
3019 743 3199 811 iisque
3225 743 3508 803 fruuntur,

1913 851 2038 890 cum
2067 850 2246 904 neque
2280 835 2358 889 illi
2396 844 2619 904 propter
2651 848 2850 888 cursus
2898 834 3281 888 remissionem
3320 849 3349 886 a
3379 847 3514 902 pro-

1914 933 2154 995 pouente
2183 925 2483 980 certamina
2543 922 2655 977 Deo
2687 936 2867 976 morte
2902 923 3305 978 certaminibus
3331 921 3511 975 inter-

1913 1019 2090 1088 posita
2162 1016 2494 1085 plectantur,
2549 1024 2604 1068 et
2654 1016 2990 1083 posteriores
3044 1031 3170 1067 cum
3230 1014 3514 1082 prioribus

1912 1115 2140 1178 propter
2158 1102 2434 1160 rationum
2455 1103 2884 1173 aequabilitatem
2908 1101 3280 1155 communiter
3297 1111 3508 1169 partem

1912 1201 2152 1269 quisque
2207 1209 2365 1250 suam
2427 1195 2780 1264 praemiorum
2826 1192 3123 1260 accipiant.
3184 1188 3507 1243 Divinarum

1911 1301 2096 1345 autem
2127 1287 2464 1357 judiciorum
2489 1294 2742 1339 naturam
2770 1283 3152 1345 absconditam
3175 1280 3512 1352 investigare

1913 1383 1969 1438 in
2002 1383 2088 1437 his
2115 1396 2220 1436 nos
2252 1378 2476 1450 quidem
2509 1393 2619 1432 non
2654 1390 2968 1447 possumus.

1983 1562 2106 1618 XX.
2153 1560 2476 1632 Conjecerit
2527 1570 2715 1615 autem
2778 1557 3015 1612 fortasse
3068 1555 3269 1625 aliquis
3326 1553 3514 1623 impiis

1914 1657 2002 1712 bis
2031 1655 2237 1709 nostris
2271 1651 2722 1722 persecutoribus
2748 1655 2815 1704 ad
2853 1648 3194 1719 poenitentiae
3241 1653 3510 1715 opportu-

1918 1749 2148 1803 nitatem
2202 1745 2541 1800 oﬂ‘erendam
2584 1757 2938 1798 communem
2975 1742 3230 1794 omnium
3268 1748 3507 1796 tutorem

1917 1840 2087 1894 Deum
2121 1838 2213 1893 hic
2245 1837 2508 1890 manendi
2559 1844 2777 1903 tempus
2837 1834 3084 1902 praebere
3124 1839 3180 1885 et
3221 1831 3508 1898 imponere

1916 1935 2171 2002 utrisque
2218 1942 2475 2000 utraque,
2509 1930 2670 1983 nobis
2710 1927 2960 1981 divinum
2998 1924 3264 1978 auxilium
3297 1934 3353 1976 et
3400 1923 3510 1975 illis

1908 2033 2113 2104 justam
2148 2043 2391 2099 prauam.
2424 2025 2598 2080 Vocat
2625 2022 2793 2092 igitur
2832 2020 2901 2073 ad
2941 2019 3228 2073 meliorem
3265 2016 3505 2085 frugem,

1913 2123 2256 2180 calamitates
2281 2116 2570 2172 inferendo
2602 2128 2749 2169 nunc
2784 2111 3010 2180 quidem
3051 2116 3173 2177 post
3203 2108 3342 2162 alios
3385 2106 3509 2159 aliis

1910 2227 2230 2289 perpetuas,
2265 2207 2432 2282 254
2469 2218 2528 2263 ut
2557 2206 2732 2276 magis
2764 2218 2918 2258 suam
2957 2200 3199 2256 sentiant
3230 2192 3511 2268 perversi-

1912 2288 2079 2367 tatem
2111 2325 2122 2361 :
2150 2322 2261 2361 non
2307 2306 2454 2358 enim
2498 2301 2554 2354 in
2606 2299 2813 2354 bonum
2869 2295 3033 2349 modo
3089 2291 3245 2350 saevit
3278 2288 3506 2349 malum,

1910 2401 2008 2459 sed
2034 2401 2202 2456 etiam
2237 2409 2424 2452 secum
2459 2394 2638 2464 ipsum
2686 2397 2894 2459 pugnat
2938 2395 2996 2440 et
3045 2384 3329 2440 decertat:
3358 2395 3510 2434 nunc

1909 2496 2134 2567 quidem
2170 2491 2499 2560 perturbans
2553 2493 2611 2540 et
2664 2480 2983 2536 distrahens
3051 2476 3235 2532 subito
3283 2472 3509 2567 aliunde

1910 2562 2046 2642 alibi
2080 2592 2136 2638 et
2159 2581 2434 2637 distinens
2463 2587 2631 2631 totam
2668 2580 2911 2628 mentem
2945 2577 3008 2624 ut
3047 2565 3295 2624 attendat
3315 2563 3383 2618 ad
3411 2562 3511 2616 do-

1909 2675 2138 2734 mestica
2183 2672 2326 2728 mala
2389 2681 2446 2725 et
2496 2667 2754 2738 ineptias,
2822 2678 2928 2720 nec
2975 2661 3045 2716 ad
3091 2659 3242 2716 solas
3279 2656 3508 2711 omnino

1909 2784 2151 2840 semper,
2189 2766 2389 2836 quibus
2412 2761 2574 2818 nobis
2617 2759 2911 2822 insultant,
2947 2755 3171 2825 iniquas
3210 2760 3508 2806 contume-

1907 2865 2012 2920 lias
2037 2877 2094 2919 et
2114 2860 2368 2931 injurias.
3464 2895 3472 2901 .

1980 2952 2125 3008 XXI.
2150 2950 2289 3005 Illud
2333 2960 2464 3001 vero
2491 2943 2588 3013 qui
2622 2957 2731 2996 non
2767 2939 3077 2995 admiretur
3106 2936 3308 3005 aliquis
3337 2933 3394 2988 in
3419 2931 3507 2988 di-

1907 3045 2035 3100 vina
2057 3041 2251 3099 mundi
2277 3035 2777 3100 administratione,
2813 3031 2959 3102 quod
2980 3039 3090 3084 tam
3122 3030 3215 3083 ditt
3239 3027 3510 3082 Cantacu-

1905 3151 2040 3192 zeno
2064 3131 2340 3189 concessit
2361 3132 2617 3198 exiguam
2643 3125 2792 3180 illam
2817 3124 2870 3176 in
2896 3120 3136 3175 maximo
3166 3117 3374 3172 divinae
3407 3115 3508 3170 Sa-

1907 3227 2128 3298 pientia:
2155 3222 2358 3292 templo
2393 3222 2592 3274 factam
2628 3211 3274 3281 aedilicationem,partis
3305 3219 3508 3275 Ile-116

1904 3322 2054 3376 circa
2117 3327 2327 3372 tectum
2391 3312 2608 3368 scilicet
2643 3307 2931 3370 sam-iane,
2970 3304 3148 3357 donec
3188 3308 3508 3370 reparatum

1903 3423 2068 3472 esset,
2085 3407 2233 3480 quod
2264 3406 2418 3460 nives
2437 3416 2492 3458 et
2524 3403 2728 3456 imbres
2754 3415 2822 3453 ex
2846 3411 2976 3452 aere
2995 3396 3210 3450 delatos
3235 3391 3505 3446 defende-

1904 3515 2010 3568 ret,
2041 3499 2286 3557 tectum?
2313 3497 2590 3565 Quantum
2613 3493 2778 3562 igitur
2809 3492 2862 3544 in
2891 3491 3141 3545 internos
3169 3485 3509 3556 splendidis-

1902 3599 2074 3654 simos
2096 3609 2284 3649 sacros
2306 3605 2495 3646 muros
2515 3588 2637 3642 illos
2657 3595 2712 3641 et
2733 3599 2858 3638 aras
2891 3589 3115 3638 sanctas
3143 3582 3374 3636 omnino
3407 3579 3514 3636 im.

1904 3705 2132 3761 pensum
2149 3687 2570 3756 etconjunctum
2595 3691 2702 3736 est.
2724 3684 2826 3736 hoc
2845 3681 3031 3747 impiis
3048 3677 3168 3745 ejus
3188 3683 3244 3730 et
3275 3675 3457 3744 impur
3481 3689 3512 3728 s

1900 3785 2038 3838 oriri
2069 3798 2098 3837 e
2125 3768 2383 3835 manibus
2415 3777 2568 3831 nullo
2598 3787 2761 3847 pacto
2782 3787 3110 3830 concessum
3151 3780 3236 3824 est
3277 3784 3309 3822 a
3352 3767 3462 3822 Deo
3489 3783 3505 3832 ;

1902 3877 1996 3933 sed
2026 3877 2081 3930 iu
2106 3875 2312 3938 medio,
2339 3881 2399 3928 ut
2430 3873 2610 3936 aiunt,
2636 3871 2861 3934 itinere,
2893 3885 2957 3924 ex
2988 3864 3299 3923 aediﬁcandi
3329 3863 3507 3919 facul-

1904 3978 2009 4025 tatc
2049 3968 2270 4038 elapsus
2299 3979 2386 4022 est
2429 3965 2888 4037 ignominiose.et
2933 3960 3207 4015 maculam
3247 3971 3508 4026 magnam

1902 4059 2130 4128 reliquit
2183 4058 2305 4112 vita:
2341 4072 2455 4114 suae
2510 4066 2736 4127 propter
2781 4052 2946 4108 ﬁdem
2983 4059 3274 4104 novatam.
3309 4046 3508 4115 Neque

1900 4152 2050 4208 enim
2085 4165 2305 4221 artuum
2331 4159 2472 4211 erat,
2509 4165 2571 4204 ea
2604 4162 2727 4217 qua:
2757 4146 2813 4200 in
2852 4141 3207 4199 manifestum
3236 4149 3295 4195 et
3329 4140 3507 4209 ipsius

1903 4253 1963 4299 et
1989 4245 2268 4300 sociorum
2294 4241 2596 4313 impietatis
2616 4239 2883 4295 iudicium
2900 4235 3116 4308 perdita
3137 4234 3376 4300 fuerant,
3403 4248 3505 4303 per
3529 4295 3532 4297 _

1907 4351 2037 4393 eum
2078 4337 2320 4391 restitui.

295 4504 427 4563 ΚΕ.
455 4505 519 4561 El
563 4505 610 4561 δ’
653 4507 682 4560 ὁ
732 4506 1094 4579 βρεφοκτόνος
1132 4505 1386 4579 Ἡρώδης
1437 4508 1613 4562 πάλαι
1654 4511 1796 4580 πρὸς

1977 4518 2146 4576 XXII.
2184 4518 2240 4574 Si
2288 4527 2472 4573 autem
2541 4530 2840 4586 puerorum
2899 4510 3247 4567 interfectori
3296 4510 3507 4568 Herodi

225 4597 358 4653 θεοῦ
413 4597 513 4671 τὴν
546 4599 823 4669 περιφανῆ
873 4616 932 4652 τε
977 4602 1075 4653 καὶ
1132 4599 1515 4653 πολυδάπανον
1577 4602 1839 4672 ἐκείνην“

225 4694 509 4765 οἰκοδομὴν
535 4691 629 4746 τοῦ
657 4692 766 4745 τῶν
797 4692 1191 4763 Ἱεροσολύμων
1214 4693 1318 4765 νεὼ
1349 4694 1794 4765 συγκεχώρηται,

225 4781 497 4837 τοσούτων
520 4783 787 4850 ἐφεστίων
806 4797 863 4832 τε
888 4782 979 4832 καὶ
1006 4782 1291 4849 συγγενῶν
1326 4785 1381 4834 αί
1392 4784 1582 4852 μάτων
1610 4786 1797 4853 χεῖρας

228 4873 337 4942 ἃμα
383 4873 480 4924 καὶ
530 4871 755 4939 γνώμην
797 4871 1060 4940 ὑπάρχων
1105 4873 1322 4940 μεστὸς,
1360 4873 1473 4926 ἀλλ’
1527 4874 1677 4926 ἐστιν
1724 4877 1801 4927 εἰ·

227 4967 343 5019 πεῖν
373 4966 450 5026 ὡς
501 4964 602 5032 τῆς
643 4965 867 5032 πατρίου
902 4964 1088 5033 τούτῳ
1118 4965 1416 5032 θρησκείας
1452 4968 1511 5019 ἐν
1538 4967 1613 5035 τῷ
1648 4966 1797 5036 καλῷ

225 5057 522 5126 τηνικαῦτα
587 5056 856 5124 μενούσης
901 5057 980 5108 ἔτι
1036 5053 1147 5110 οὔτ’
1205 5060 1366 5120 αὐτὸς
1402 5061 1593 5113 ἑαυτὸν
1626 5062 1795 5131 αὐτῆς

224 5149 607 5220 ἠλλοτρίωσεν,
639 5147 750 5202 οὗθ’
781 5150 1001 5216 ἐτέρους
1033 5151 1255 5213 οὐδένας
1303 5153 1607 5221 παρέπεισε
1637 5153 1797 5206 τοῦτο

225 5244 432 5297 παθεῖν.
492 5243 942 5308 Καντακουζηνὸς
992 5241 1036 5293 δ’
1085 5243 1298 5294 οὑτοσ“ιν
1346 5245 1506 5305 αὑτός
1555 5260 1611 5296 τε
1660 5246 1790 5311 ἐξω·

228 5336 428 5404 μόσατο
459 5335 710 5403 φανερῶς
739 5337 837 5404 τὴν
883 5335 1110 5403 πάτριον
1162 5335 1472 5397 εὐσέϐειαν,
1511 5339 1608 5389 καὶ
1654 5338 1796 5407 πλὴν

223 5427 418 5494 ὀλίγων
458 5427 584 5489 τοὺς
630 5427 821 5490 ἄλλους
874 5431 1191 5496 ἠνάγκασεν
1227 5430 1498 5493 ἅπαντας,
1531 5429 1661 5491 τοὺς
1695 5427 1796 5498 μὲν

224 5515 447 5584 δωρεαῖς
479 5535 539 5568 τε
573 5521 665 5570 καί
696 5518 948 5589 λήμμασι
980 5520 1340 5588 παραλόγοις,
1379 5522 1508 5582 τοὺς
1543 5521 1587 5572 δ’
1639 5523 1799 5573 ἀπει-

221 5607 336 5670 λαῖς
370 5610 467 5660 καὶ
511 5609 767 5662 κολάσεσι
802 5612 1194 5679 κακοτρνὲποις,
1235 5614 1314 5672 είς
1366 5615 1456 5663 τὸν
1497 5614 1611 5663 ἴσον
1646 5613 1796 5682 αὐτῷ

224 5699 610 5769 κατενεχθῆναι
639 5703 908 5772 κρημνόν.

295 5789 418 5848 Kl".
457 5791 641 5857 ’Δξιον
687 5793 734 5847 δ’
785 5795 1041 5848 ἐνταυθοῖ
1093 5797 1424 5864 γενομένους
1480 5796 1572 5848 καὶ
1619 5799 1677 5850 τὸ
1732 5815 1794 5865 γε

1902 4614 2034 4669 olim
2069 4627 2098 4664 a
2130 4613 2243 4664 Deo
2273 4607 2509 4678 gloriosa
2546 4606 2639 4660 illa
2698 4615 2754 4659 et
2807 4613 3132 4673 sumptuosa
3188 4602 3508 4674 Hierosoly-

1902 4719 2118 4760 morum
2154 4700 2342 4770 templi
2381 4699 2672 4754 tediﬁcatio
2711 4711 2977 4752 concessa
3011 4706 3120 4759 est,
3170 4705 3280 4749 tam
3343 4695 3505 4752 multi

1901 4795 2065 4868 255
2097 4794 2272 4848 albuis
2301 4802 2356 4847 et
2384 4790 2602 4859 cognati
2653 4789 2943 4859 sanguinis
2977 4787 3169 4856 plenas
3222 4797 3505 4845 manus'et

1900 4892 2144 4946 animum
2200 4887 2447 4949 habenti,
2482 4885 2606 4940 licet
2673 4894 2853 4937 tamen
2914 4882 3116 4947 dicere,
3149 4897 3271 4934 cum
3325 4882 3500 4950 patria

1902 4983 2029 5036 huic
2061 4981 2251 5049 religio
2282 4980 2489 5048 integra
2534 4978 2701 5028 etiam
2733 4986 2926 5040 staret,
2960 4990 3060 5028 nec
3107 4974 3285 5041 ipsum
3346 4987 3404 5026 sc
3432 4974 3500 5026 ab

1901 5089 1962 5127 ea
1999 5071 2305 5132 abdicasse,
2334 5083 2434 5122 nec
2464 5067 2587 5120 aliis
2620 5066 2742 5120 uilis
2778 5065 3145 5133 persuasisse,
3183 5075 3242 5117 ut
3285 5065 3388 5117 hoc
3423 5066 3501 5114 la—

1899 5171 2111 5217 cerent.
2141 5161 2562 5214 Cautacuzenus
2597 5168 2784 5210 autem
2823 5157 2910 5209 hic
2949 5165 3004 5209 et
3052 5156 3167 5222 ipse
3223 5154 3499 5224 dejuravit

1900 5257 2134 5326 patriam
2169 5256 2428 5323 pietatem
2472 5252 2651 5320 palam
2689 5260 2740 5302 et
2775 5262 2971 5317 preter
3031 5261 3239 5315 paucos
3307 5261 3501 5302 omna-s

1899 5357 2134 5400 caeteros
2186 5345 2386 5412 coegit,
2423 5343 2562 5396 alios
2623 5343 2784 5394 donis
2831 5353 2886 5393 et
2937 5342 3093 5394 lucro
3156 5340 3314 5402 falso,
3357 5340 3498 5392 alios

1899 5441 2064 5494 minis
2093 5448 2149 5492 et
2187 5436 2651 5507 castigationibus
2685 5435 2960 5504 malignis,
3006 5435 3059 5487 in
3101 5433 3242 5486 idem
3305 5447 3496 5486 secum

1903 5544 1960 5585 ut
1981 5530 2381 5585 descenderent
2426 5526 2815 5596 pt‘tecipitium.

1969 5798 2157 5853 XXIII.
2193 5796 2311 5853 lluc
2358 5795 2617 5866 quoniam
2659 5793 3034 5864 pervenimus,
3076 5807 3185 5848 non
3249 5792 3494 5851 alienum
