4044 6506
272 389 371 462 ιη

1115 385 1120 389 ’
1224 389 1669 453 ΒΥΖΛΝΤΙΝᾸΞ
1704 388 2090 451 HISTORIA!
2146 389 2288 452 LIB.
2331 389 2517 453 XXX.

3449 385 3560 451 238

274 532 379 580 νον,
410 515 532 569 ὅποι
566 514 787 598 φέροι.τὸ
823 531 907 578 τις
957 512 1224 569 δύνασθαι
1266 503 1698 584 τεκμαίρεσθαι,
1759 511 1849 563 καὶ

1967 517 2252 573 vocarent,
2287 521 2570 582 quatenus
2588 517 2800 561 remota
2825 515 2880 559 et
2906 503 3196 573 desperata
3216 511 3362 556 esset
3386 504 3557 560 salus.

271 608 427 661 πάντ’
464 609 580 663 άνω
618 609 714 662 καὶ
745 609 900 661 κάτω
937 606 1353 678 μεταπίπτοντα
1402 606 1556 676 παρὰ
1589 604 1851 661 τοσοῦτον

268 698 328 752 lx
357 698 449 753 τοῦ
479 700 751 770 σύνεγγυς
786 701 956 753 ἐτίθει
981 717 1041 752 τε
1072 702 1168 752 καὶ
1217 699 1367 770 μάλα
1399 697 1511 752 τῶν
1551 697 1853 765 ἐλπιζομέ-

268 810 373 847 νων
406 794 658 858 ἑκάστοις
679 793 933 846 ξιποίειτὸ
967 793 1312 847 ἐπικίνδυνον
1349 793 1482 863 παρ’
1515 792 1643 845 ὅσον
1661 791 1853 861 πόρῤω

267 891 363 940 καὶ
401 885 627 940 δύσελπι
656 887 933 950 τάσφαλὲς
960 887 1040 956 (ἑν
1077 890 1187 954 γὰρ
1226 885 1550 956 διχοστασίῃ
1587 883 1728 954 φησὶ
1759 882 1853 934 τὸν

269 979 370 1046 μὲν
401 978 688 1045 πάγκακον
711 977 1009 1046 τυγχάνειν
1037 976 1230 1046 τιμῆς,
1259 977 1361 1030 τδν-
1390 975 1449 1030 δὲ
1515 973 1612 1028 καὶ⁵
1659 975 1850 1026 ὁπωσ-

260 1067 356 1123 οῦν
389 1070 687 1141 μετέχοντα
726 1068 822 1123 τοῦ
861 1068 1137 1140 βελτίονος
1191 1068 1411 1141 θρήνων
1458 1067 1695 1137 πάσχειν
1722 1064 1852 1137 ἀξια

262 1163 361 1216 καὶ
398 1161 679 1233 τραγικῶν
709 1161 1013 1218 ἀπολαύειν
1042 1161 1155 1214 τῶν
1189 1158 1542 1231 συμφορῶν),
1583 1159 1694 1212 τῶν
1709 1175 1851 1226 κρα-

260 1255 466 1310 τίστων
505 1253 647 1310 εἷναί
678 1273 771 1327 μοι
805 1256 899 1309 τὸν
938 1255 1168 1328 ήσύχιον
1221 1254 1371 1320 εδοξε
1430 1254 1550 1323 βίον
1609 1251 1853 1317 ἑλέσθαι,

261 1345 375 1414 τῶν
411 1346 712 1416 βασιλικῶν
738 1348 1002 1419 άφεμὲνῳ
1033 1345 1306 1418 θεάτρων.
1365 1344 1476 1402 Τοῦ
1520 1345 1632 1417 γάρ
1667 1346 1851 1417 ἐρεθί-

261 1436 454 1501 ζοντος
485 1443 579 1494 καὶ
608 1441 792 1512 μάχην
817 1441 1032 1495 ἐκεῖθεν
1059 1441 1364 1495 ἀντίπαλον
1391 1440 1724 1503 άνιστῶντος
1753 1441 1856 1494 οὐκ

261 1526 420 1590 ὃντος
455 1530 513 1581 ὲν
551 1528 852 1600 ὀφθαλμοῖς
903 1529 1061 1599 ήμῶν
1111 1530 1349 1598 ἀφανείᾳ
1386 1529 1854 1598 κεκαλυμμένων,

263 1617 582 1672 παύσεσθαι
636 1619 699 1672 τὸ
729 1620 1035 1689 νεμόμενον
1090 1619 1191 1686 τῆς
1239 1618 1367 1673 καθ’
1416 1617 1580 1690 ήμῶν
1648 1617 1856 1680 κακίας

263 1703 474 1776 ᾠήθην.
511 1705 678 1760 Ὅθεν
710 1706 898 1773 ἐπειδὴ
935 1707 1047 1768 τοῖς
1097 1706 1284 1770 ἄλλοις
1343 1705 1706 1778 παραινοῦντι
1763 1721 1855 1775 μοι

263 1802 392 1861 τοὺς
441 1797 799 1868 πειθομένους
828 1799 1015 1870 ήκιστ’
1045 1799 1194 1870 ἔχειν
1220 1800 1371 1870 ἐνῆν,
1425 1800 1489 1852 τὸ
1525 1797 1649 1852 κατ’
1683 1801 1857 1867 ὲμαυ-

1963 600 2100 656 Naiu
2119 602 2176 656 in
2199 600 2472 657 seditione
2490 600 2565 656 ait
2587 609 2744 671 poeta
2766 597 3071 670 pessimum
3093 610 3312 667 quoque
3339 594 3563 664 assequi

1966 692 2462 763 honorem:27o
2481 691 2574 763 qui
2611 701 2795 745 autem
2838 703 3174 760 quocunque
3205 686 3566 755 modo‘partis

1967 784 2211 839 melioris
2238 785 2523 840 studiosus
2553 785 2647 846 sit,
2675 798 2804 838 eum
2830 781 3050 853 perpeti
3084 795 3174 834 res
3204 777 3564 832 miseratione

1964 873 2158 945 dignas
2182 886 2238 932 et
2278 876 2470 932 subire
2519 891 2682 931 casus
2733 877 2992 945 tragicos.
3042 872 3332 944 Optimum
3392 871 3564 943 igitur

1965 967 2100 1023 mihi
2129 967 2308 1024 visum
2335 969 2818 1039 cst.tranquillam
2871 969 3134 1038 praaferre
3188 967 3380 1041 vitam,
3411 963 3566 1018 thea-

1966 1071 2052 1116 tro
2099 1059 2465 1132 imperatorio
2496 1061 2716 1117 relicto.
2747 1059 2888 1118 Cum
2919 1059 3066 1115 enim
3107 1061 3203 1139 qui
3233 1057 3481 1112 irritaret
3507 1067 3563 1110 et

1966 1167 2207 1223 pugnam
2230 1155 2542 1225 oppositam
2586 1154 2692 1209 hac
2723 1169 2782 1209 re
2837 1151 3128 1215 excitaret,
3186 1160 3317 1205 ante
3372 1149 3567 1204 oculos

1965 1227 2186 1300 nostros
2218 1261 2329 1300 non
2372 1255 2714 1307 versaretur,
2751 1244 2957 1316 quippe
2978 1243 3076 1316 qui
3105 1242 3357 1298 tenebris
3411 1241 3568 1296 invo-

1965 1336 2067 1391 luti
2094 1350 2366 1403 essemus,
2387 1337 2652 1408 putabam
2679 1338 2797 1393 fore
2823 1345 2882 1390 ut
2924 1332 3064 1406 pars
3118 1334 3387 1390 attributa
3418 1331 3566 1386 cala—

1967 1430 2174 1485 mitatis
2205 1440 2408 1484 nostrie
2443 1431 2748 1486 desineret.
2770 1429 3148 1497 Quamobrem
3172 1426 3303 1498 quia
3336 1425 3568 1480 minime

1965 1523 2221 1591 contigit,
2249 1530 2308 1576 ut
2341 1521 2477 1576 mihi
2509 1522 2602 1591 qui
2632 1521 2757 1577 aliis
2797 1521 3031 1577 consilia
3066 1518 3446 1584 darem,dicto
3475 1532 3570 1570 au-

1964 1612 2183 1668 dientes
2217 1625 2438 1679 essent,
2487 1615 2605 1684 ipse
2641 1614 2817 1671 ollicia
2867 1631 2989 1669 mea
3034 1613 3386 1685 praestabam.
3428 1609 3564 1665 Nam

1967 1706 2265 1761 tumultum
2304 1722 2335 1762 e
2361 1723 2496 1778 pace
2526 1708 2705 1763 facere
2754 1707 2922 1764 etiam
2956 1706 3278 1762 hominibus
3312 1704 3569 1775 pessimis

1966 1799 2286 1870 finibusque
2347 1801 2507 1858 facile
2557 1810 2676 1869 est;
2739 1817 2770 1858 e
2821 1802 3064 1857 tumultu
3114 1811 3300 1856 autem
3373 1815 3564 1868 paceni

264 1893 358 1944 τον
395 1891 618 1944 ἐποίουν
675 1893 877 1956 αύτός·
910 1892 1142 1962 θόρυϐον
1200 1893 1303 1961 μὲν
1356 1891 1467 1962 γὰρ
1527 1893 1589 1957 ἐξ
1626 1893 1849 1962 εἰρήνης

1964 1891 2282 1956 restituere,
2317 1907 2386 1946 ne
2420 1891 2717 1947 admodum
2775 1891 3146 1962 prudentibus
3182 1889 3402 1961 quidem
3439 1904 3567 1957 pro-

268 1984 455 2056 ῥᾴδιον
493 1983 590 2037 καὶ
639 1987 754 2048 τοῖς
785 1985 1140 2052 φαυλοτάτοις
1182 1985 1281 2039 καὶ
1341 1984 1614 2055 βάναυσον
1659 1984 1855 2053 ἄγουσι

269 2078 388 2147 βίον
426 2081 627 2143 ποιεῖν,
659 2080 723 2131 ἑκ
745 2077 802 2131 δὲ
843 2078 1090 2149 θορύϐων
1118 2080 1347 2149 είρήνην
1379 2079 1502 2151 ρύδὲ
1562 2080 1680 2141 τοῖς
1721 2079 1853 2146 σφό-

265 2174 369 2244 δρα
412 2177 661 2239 συνετοῖς
692 2176 838 2244 μάλα
877 2193 932 2228 τι
955 2174 1159 2229 εὔοδον.
1192 2174 1265 2228 Τὸ
1319 2173 1420 2243 μὲν
1475 2174 1586 2243 γάρ
1634 2172 1858 2226 αύτονο-

267 2270 367 2340 μίᾳ
395 2270 614 2339 φύσεως
650 2271 870 2338 ἄγεται.
906 2271 939 2339 ή
967 2269 1024 2322 δὲ
1070 2270 1232 2337 φύσις
1275 2268 1517 2322 ἄτακτον
1548 2267 1645 2320 καὶ
1709 2264 1852 2318 ἀνῶ-

266 2361 440 2429 μαλον
469 2361 818 2430 ὡμολόγηται
860 2356 1040 2413 εἶναι’
1083 2358 1146 2411 τὸ
1176 2357 1234 2410 δὲ
1282 2356 1512 2427 παιδείᾳ
1546 2356 1644 2408 xal.
1697 2356 1854 2408 σν)νέ-

262 2471 345 2505 σει
381 2451 786 2525 βεϐουλευμένῃ
807 2453 898 2505 καὶ
931 2450 1178 2518 σώφροσι
1203 2450 1488 2518 λογισμοῖς
1522 2445 1851 2511 οἰακίζεται.

261 2545 430 2598 Ὅθεν
459 2545 522 2598 τὸ
548 2547 646 2614 μιν
675 2550 771 2598 καὶ
802 2546 903 2608 τάς
935 2547 1037 2597 ούκ
1064 2544 1232 2606 ούσας
1267 2544 1610 2596 ἀναπλάττει
1636 2543 1853 2611 προφά-

259 2654 402 2702 σεις,
433 2639 625 2709 ἐφόδια
668 2639 893 2709 πορίζον
933 2641 1056 2702 ταῖς
1109 2637 1348 2707 μάχαις·
1389 2635 1453 2689 τὸ
1512 2635 1569 2688 δὲ
1612 2634 1710 2688 καὶ
1752 2635 1851 2696 τὰς

258 2729 432 2794 οὔσας
493 2733 788 2800 ἐκτέμνειν
839 2732 1124 2799 πειρᾶται,
1184 2729 1439 2800 καθάπερ
1497 2727 1681 2798 ἰατρὸς
1750 2728 1853 2796 πρὸ

258 2825 357 2893 τῆς
392 2824 630 2896 βλάστης
655 2828 711 2876 ὲν
738 2828 803 2894 τῇ
833 2824 959 2897 ῥίζῃ
992 2825 1093 2894 τὴν
1126 2810 1431 2894 θεραπείαν
1477 2821 1848 2891 τεχνώμενος.

272 2912 426 2966 Ἐπεὶ
462 2913 518 2964 δὲ
551 2916 644 2966 καὶ
669 2915 965 2983 ἀφορισμῷ
1002 2913 1276 2981 Παλαμᾶν
1335 2914 1480 2980 μετὰ
1514 2911 1616 2979 τῆς
1677 2907 1849 2961 αὑτοῦ

261 3007 538 3074 φρατρίας
607 3007 828 3071 ἁπάσης
874 3010 969 3060 καὶ
1010 3005 1282 3075 χωρισμῷ
1321 3003 1460 3056 Θεοῦ
1539 3003 1851 3056 καθυποϐε-

259 3098 494 3166 ϐλῆσθαι
535 3098 858 3168 συμϐέϐηκε
912 3098 1061 3151 δυοῖν
1128 3098 1496 3167 πατριαρχῶν
1553 3098 1650 3150 καὶ
1708 3096 1849 3150 ὅλων

1964 1982 2107 2038 fecto
2134 1999 2217 2039 est
2272 1997 2613 2055 promptum.
2673 1986 2926 2040 Alterum
2978 1986 3129 2039 enim
3194 1983 3429 2037 arbitrio
3469 1998 3566 2035 na-

1965 2082 2103 2129 tura:
2142 2077 2361 2146 agitur:
2397 2086 2649 2130 naturam
2679 2088 2867 2131 autem
2921 2075 3206 2130 turbidam
3239 2085 3294 2132 et
3327 2074 3566 2128 mutabi-

1963 2165 2068 2220 lem
2093 2180 2215 2221 esse
2267 2176 2522 2222 constat:
2562 2168 2801 2227 alterum
2849 2168 3196 2222 humanitate
3243 2175 3298 2222 et
3328 2167 3564 2221 consilio

1962 2258 2196 2326 sapienti
2227 2269 2282 2313 et
2315 2261 2497 2314 cautis
2544 2260 3043 2315 deliberationibus
3102 2258 3561 2314 administratur:

1961 2354 2323 2420 quamobrem
2389 2353 2520 2408 illud
2563 2355 2731 2408 etiam
2787 2354 2944 2408 [ictas
2989 2355 3270 2423 excogitat
3319 2367 3517 2407 causas
3548 2391 3562 2413 ,

1960 2445 2213 2513 praebens
2243 2445 2491 2502 subsidia
2522 2447 2736 2517 proeliis
2775 2464 2792 2502 :
2848 2447 2958 2502 hoc
2991 2463 3151 2503 veras
3185 2462 3406 2518 quoque
3462 2447 3563 2501 tol-

1960 2535 2075 2591 lere
2110 2546 2370 2603 conatur,
2404 2552 2464 2592 ut
2496 2539 2748 2596 medicus
2777 2555 2891 2594 non
2925 2540 2981 2596 in
3017 2555 3196 2604 ramo,
3230 2539 3326 2594 sed
3361 2540 3416 2594 in
3473 2555 3562 2592 ra-

1959 2628 2079 2685 dice
2144 2632 2487 2687 curationem
2545 2643 2789 2688 tentans.
2844 2634 3143 2703 Postquam
3203 2645 3388 2690 autem
3419 2635 3564 2688 acci-

1959 2721 2061 2786 dit,
2099 2730 2158 2776 ut
2212 2722 2462 2779 Palamas
2495 2739 2620 2780 cum
2657 2735 2768 2782 tota
2821 2725 3032 2780 familia
3073 2742 3173 2782 sua
3202 2737 3261 2781 et
3291 2727 3559 2782 determi-

1959 2815 2188 2871 nationc
2214 2826 2270 2870 et
2301 2819 2661 2885 separatione
2691 2818 2876 2872 divina
2906 2819 3300 2875 succumberet
3327 2821 3565 2890 patriar-

1958 2907 2082 2964 chis
2134 2908 2464 2974 duobus,et
2509 2911 2793 2974 omnibus,
2835 2921 3113 2982 quotquot
3164 2923 3279 2967 tum
3331 2913 3566 2969 aderant

1955 3001 2256 3072 episcopis,
2297 3003 2472 3057 multo
2520 3003 2696 3074 magis
2747 3003 3209 3074 tranquillitatem
3261 3006 3561 3076 probabam

1955 3103 2013 3150 et
2057 3096 2444 3161 nanciscebar,
2469 3096 2682 3168 quippe
2707 3113 2830 3168 quas
2866 3099 2980 3153 sola
3020 3099 3340 3155 facultatem
3386 3109 3442 3155 et
3474 3117 3562 3155 ηις

259 3193 446 3244 ὁπόσοι
502 3191 805 3262 τηνικαῦτα
858 3192 1119 3262 παρῆσαν
1186 3192 1297 3246 τῶν
1358 3191 1702 3266 ἐπισκόπων,
1767 3190 1848 3242 ἔτι

1958 3187 2167 3242 tionem
2197 3188 2471 3258 praeberet
2496 3190 2892 3246 hwreticorum
2925 3191 3136 3246 familia
3189 3203 3245 3247 et
3294 3192 3561 3248 societate

263 3284 468 3355 μᾶλλον
503 3285 726 3355 ιμαυτῴ
756 3285 823 3338 τὰ
851 3287 949 3354 τῆς
983 3287 1218 3354 ἡσυχίας
1248 3285 1534 3355 παρῄνουν
1579 3287 1676 3338 καὶ⁵
1717 3287 1850 3340 ἑπε-

261 3378 487 3448 κύρουν,
521 3379 724 3449 ταύτης
779 3381 947 3449 μόνης
969 3379 1029 3431 τὸ
1065 3381 1268 3450 ῥᾷστον
1298 3380 1535 3450 ιχούσης
1568 3381 1664 3432 καὶ
1697 3377 1851 3434 εὔλο-

260 3491 355 3542 γον
386 3474 486 3542 τῆς
517 3474 623 3526 τῶν
671 3474 919 3544 βεϐήλων
952 3479 1230 3542 φρατρίας
1279 3472 1380 3526 καὶ
1401 3473 1694 3535 κοινωνίας
1726 3474 1851 3526 ἑπι-

260 3569 428 3631 εεκῶς
479 3569 736 3638 ἀφιστᾷν.
796 3569 936 3638 Ἤδη
1002 3567 1058 3620 δὲ
1124 3567 1220 3619 καὶ
1265 3566 1509 3638 διωγμὸν
1563 3567 1851 3640 ἀνεῤῥίπι-

266 3677 356 3710 σεν
405 3663 432 3712 ὁ
481 3661 578 3730 τῆς
623 3659 1232 3730 Ἐκκλησίας.χειμὼν,
1293 3661 1388 3713 καὶ
1439 3659 1702 3727 διωγμῶν
1757 3663 1850 3713 τὸν

262 3753 706 3821 φρικωδέστατον
752 3757 849 3806 καὶ
897 3753 1226 3822 βαρύτατον,
1280 3752 1356 3814 ὡς
1407 3752 1709 3806 κάντεῦθεν
1772 3754 1849 3824 μή

266 3847 424 3912 μόνον
483 3845 760 3916 ἐξόριστον
794 3848 1059 3915 γεγονότα
1131 3849 1224 3900 τὸν
1276 3848 1628 3917 πατριάρχην
1690 3846 1848 3918 βιαίῳ

263 3933 477 4005 θανάτῳ
512 3936 605 3989 τοῦ
639 3935 758 4006 βίου
793 3936 856 4006 [ί.
885 3936 986 3990 133
1017 3935 1089 4009 ιη]
1139 3937 1378 4004 περᾶσαι
1417 3936 1516 4007 τὴν
1565 3937 1848 4008 τελευτήν,

263 4028 396 4086 ἀλλὰ
426 4031 523 4082 καὶ
562 4029 669 4082 τῶν
701 4029 1021 4084 ἐπισκόπων
1086 4031 1180 4081 καὶ
1219 4027 1622 4100 πρεσϐυτέρων
1660 4031 1850 4082 ὸπόσοι

263 4129 361 4199 τὴν
423 4125 679 4177 ἔνστασιν
744 4122 1042 4191 ἁκλὸνητον
1095 4123 1254 4191 ἔσχον
1333 4124 1392 4175 ὲν
1461 4126 1576 4185 τοῖς
1628 4123 1846 4188 δεινοῖς,

216 4280 226 4288 _
265 4219 422 4284 ἄλλος
454 4215 639 4273 ἄλλοθι
673 4218 769 4287 τῆς
801 4215 1132 4284 οἰκουμένης
1160 4215 1496 4284 διωκόμενοι
1538 4215 1851 4287 διεσπάρη-

267 4329 387 4366 σαν.
434 4311 538 4364 Ἐῶ
563 4311 744 4377 λέγειν
779 4308 869 4372 οὒς
906 4311 963 4361 ὲν
993 4309 1188 4382 εἱρκτῇ
1235 4310 1334 4361 καὶ
1390 4311 1543 4381 ζόφῳ
1588 4309 1849 4380 θνήσκειν

264 4402 568 4466 συνέϐαινε,
608 4403 702 4456 καὶ
733 4403 847 4454 ὅσοι
895 4401 1038 4470 λιμῷ
1068 4403 1162 4454 καὶ
1194 4399 1337 4468 δίψει
1394 4403 1488 4455 καὶ
1530 4402 1683 4475 πάσῃ
1735 4402 1848 4457 τῶν

263 4495 578 4562 ἀναγκαίων
616 4494 949 4565 στενοχωρίᾳ
971 4493 1171 4563 βιαίοις
1204 4495 1461 4556 θανάτοις
1493 4494 1841 4564 ἀπήλλαξαν.

1955 3279 2092 3335 satis
2119 3280 2464 3336 abstinendi.
2500 3282 2624 3338 Jam
2662 3298 2799 3338 vero
2832 3284 3264 3340 insectationem
3301 3287 3561 3340 accendit

1954 3371 2217 3427 Ecclesiae
2247 3381 2569 3443 tempestas,
2601 3383 2659 3429 et
2694 3373 2856 3446 271
2887 3391 3012 3432 eam
3044 3379 3268 3447 quidem
3308 3377 3556 3432 omnium

1955 3463 2422 3536 terribilissimam
2476 3476 2533 3522 et
2581 3470 3014 3537 atrocissimam,
3071 3471 3146 3524 ita
3198 3482 3257 3525 ut
3315 3471 3456 3527 lianc
3489 3474 3560 3528 ob

1955 3573 2075 3614 rem
2100 3575 2208 3612 non
2240 3559 2421 3614 solum
2447 3561 2761 3636 patriarcha
2788 3564 3054 3632 expulsus
3107 3573 3286 3618 morte
3320 3565 3558 3620 violenta

1956 3650 2105 3705 diem
2133 3666 2456 3721 supremum
2490 3653 2694 3718 obiret,
2733 3654 2829 3709 sed
2866 3656 3035 3710 etiam
3063 3657 3456 3728 episcoporum
3503 3667 3561 3713 et

1955 3745 2413 3816 presbyterorum
2465 3757 2742 3816 quotquot
2792 3746 2847 3802 in
2901 3748 3166 3818 periculis
3208 3761 3556 3806 constantem

1954 3838 2082 3894 vitae
2104 3840 2376 3894 rationem
2418 3840 2709 3905 tenebant,
2741 3840 2885 3896 alius
2933 3842 3040 3897 alio
3077 3859 3174 3914 pcr
3219 3845 3414 3899 orbein
3447 3856 3559 3903 ter-

1957 3947 2144 3987 rarum
2172 3933 2432 4004 exagitati
2461 3932 2896 4002 dissiparentur.
2926 3933 3137 3991 Omitto
3164 3953 3414 4004 narrare,
3434 3941 3561 4010 qui-

1956 4026 2061 4081 bus
2091 4026 2376 4094 acciderit,
2404 4034 2465 4081 ut
2503 4026 2560 4080 in
2595 4043 2819 4083 carcere
2870 4039 2926 4082 et
2955 4028 3204 4084 tenebris
3241 4030 3558 4100 interirent,

1956 4134 2261 4190 omnesque
2300 4119 2396 4188 qui
2432 4119 2578 4175 fame
2633 4132 2688 4176 et
2727 4120 2818 4175 siti
2875 4131 2929 4176 et
2984 4124 3424 4178 necessariorum
3458 4141 3557 4195 pe-

1956 4216 2118 4271 nuria
2149 4226 2330 4271 morte
2352 4216 2593 4272 violenta
2623 4216 2960 4273 decederent
2987 4237 3000 4271 :
3037 4228 3093 4272 et
3121 4218 3175 4273 id
3209 4224 3360 4289 quod
3388 4222 3554 4275 etiam

1957 4310 2182 4380 gravius
2209 4319 2298 4366 est
2322 4350 2337 4372 ,
2390 4309 2537 4380 quod
2581 4326 2652 4365 ne
2708 4310 3024 4380 sepulcrum
3061 4312 3308 4381 quidem,
3343 4328 3377 4366 o
3410 4321 3558 4370 terra

1956 4412 2012 4456 et
2037 4402 2141 4464 sol,
2178 4411 2236 4454 ut
2265 4401 2537 4456 haberent
2561 4418 2660 4471 per
2680 4412 2971 4474 cognatos,
3001 4406 3067 4458 iis
3089 4420 3415 4459 concessum
3447 4419 3555 4467 est.

1957 4494 2063 4548 nisi
2099 4495 2419 4564 quicunque
2449 4494 2590 4550 clam
2649 4495 3028 4550 humabantur
3055 4536 3072 4561 ,
3125 4513 3444 4567 quanquam
3484 4515 3554 4554 ne

264 4591 373 4643 Καὶ
399 4589 458 4642 τό
493 4605 556 4657 γε
591 4562 884 4659 μεῖζον-ὅτι
929 4562 1063 4656 μηδὲ
1121 4588 1322 4656 ταφῆς,
1351 4581 1396 4640 ὦ
1442 4588 1513 4657 γῆ
1576 4562 1671 4641 καὶ
1701 4589 1849 4658 ἥλιε,

1960 4585 2030 4638 ab
2071 4562 2157 4640 his
2189 4562 2413 4655 quidem
2451 4585 2560 4640 sibi
2619 4587 3001 4657 temperabant
3058 4562 3333 4646 illi—cauis
3378 4590 3554 4647 Laco—

261 4683 400 4754 πρδς
453 4680 558 4734 τῶν
622 4680 950 4751 ἐπιτηδείων
1039 4679 1340 4750 τυγχάνειν
1405 4683 1847 4752 συνεχωροῦντο,

266 4776 404 4842 πλὴν
431 4777 464 4844 ἢ
507 4776 622 4828 ὅσοι
678 4775 822 4827 κατὰ
875 4774 936 4825 τὸ
975 4773 1218 4843 λεληθὸς·
1248 4775 1689 4844 κατωρύττοντο.
1749 4769 1850 4829 Ὧν

260 4861 613 4920 οὑδὲτούτων
641 4867 945 4934 ἀπέσχοντο
976 4868 1024 4918 οί
1061 4865 1220 4928 κυνὸς
1251 4867 1530 4935 Λακαίνης
1567 4867 1722 4934 δίκην
1761 4869 1844 4937 ῥι-

265 4959 626 5028 νψστοῦντες
666 4958 762 5009 καὶ
799 4958 1220 5026 ἀνιχνεύοντες,
1289 4958 1428 5010 ἀλλά
1487 4960 1581 5012 καὶ
1640 4960 1849 5013 τούτων

261 5053 435 5113 ἐνίους
461 5050 762 5120 ἀνώροξαν.
800 5049 956 5102 Οὕτω
981 5049 1240 5118 διωγμῶν
1295 5049 1554 5102 ἁπάντων
1608 5053 1850 5121 βαρύτα-

260 5161 344 5207 τος
382 5145 585 5197 ούτοσί.
619 5144 684 5196 Τί
717 5144 824 5213 γὰρ
857 5144 1080 5196 ἀνύσειν
1106 5141 1333 5210 ἔμελλον
1369 5142 1552 5206 πλέον,
1585 5147 1667 5206 εἰς
1692 5145 1848 5198 άναί-

261 5237 647 5306 σθητονλσῶμα
679 5237 777 5305 τὴν
808 5235 907 5304 τῆς
940 5236 1146 5288 ἀτόπου
1207 5234 1390 5304 ψυχῆς
1442 5237 1846 5309 ἀγνωμοσύνην

259 5329 581 5395 ἐκλέοντεςς
614 5330 808 5382 Θανεῖν
839 5331 948 5399 γάρ
984 5331 1228 5400 ἀνάγκη,
1258 5331 1357 5402 ζῇν
1391 5332 1437 5385 δ’
1485 5333 1517 5405 ἢ
1567 5337 1712 5405 ταφῇ
1746 5353 1846 5390 και

259 5417 555 5485 λυψθῆναι,
600 5417 876 5471 τούτωνδ’
901 5418 1186 5488 οὐδέτερον
1211 5420 1350 5484 τέως
1383 5423 1623 5492 ἀνάγκη.
1659 5425 1752 5477 Διὸ
1786 5426 1848 5479 τὸ

265 5509 477 5576 μὲνκαὶ
510 5508 586 5578 μή
627 5509 970 5579 βουλομένων
1003 5510 1311 5580 ἀνθρώπων
1375 5515 1408 5583 ή
1467 5514 1627 5582 φύσις
1678 5519 1841 5583 τελεῖ,

258 5601 315 5648 τ’,
343 5597 390 5650 δ’
418 5615 475 5650 εν
503 5601 569 5667 τῇ
598 5600 919 5669 προαιρέσει
955 5600 1210 5668 κείμενον
1233 5600 1340 5652 τῶν
1373 5601 1845 5674 περιλειπομένων

258 5688 480 5759 ἐλεγχος
508 5690 773 5759 ὁποτέρου
818 5691 1029 5758 γίνεται
1084 5693 1250 5756 δυοῖν,
1286 5691 1385 5744 εἴτ’
1433 5695 1692 5757 ἀπονοίας
1731 5699 1842 5752 εἴτε

259 5781 542 5852 προνοίας.
600 5782 713 5851 Τῆς
766 5782 832 5853 δὴ
885 5784 1140 5855 τοιαύτης
1192 5785 1636 5855 περικλονήσεως
1681 5789 1843 5859 ἔργον

259 5874 529 5947 γινόμεθα
585 5881 680 5932 καὶ
723 5879 901 5949 ἡμεῖς,
950 5863 1023 5933 ὀὐ
1081 5877 1400 5950 βουλόμενοι
1452 5881 1569 5942 ταῖς
1620 5881 1842 5948 ἀτόποις

1959 4677 2096 4730 nica:
2139 4677 2318 4731 instar
2349 4677 2653 4734 odorantes
2679 4686 2733 4733 et
2761 4679 3188 4750 investigantes:
3227 4682 3322 4736 sed
3357 4682 3554 4737 borum

1956 4785 2177 4839 quoque
2229 4769 2527 4824 nonnullos
2561 4769 2866 4826 eruebant.
2916 4769 3041 4827 Haec
3083 4773 3251 4840 igitur
3306 4775 3554 4829 omnium

1955 4864 2406 4933 persecutionum
2463 4864 2569 4919 fuit
2628 4865 2978 4934 gravissima.
3031 4864 3174 4930 Quid
3230 4867 3376 4922 enini
3436 4884 3556 4922 ain-

1956 4954 2099 5022 plius
2131 4955 2483 5008 committere
2537 4964 2793 5024 poterant
2835 4956 2887 5010 in
2929 4972 3131 5026 corpus
3161 4973 3326 5012 sensu
3360 4975 3551 5013 carens

1953 5047 2123 5100 animi
2166 5047 2340 5116 inepti
2378 5049 2747 5118 ignorantiam
2805 5048 3158 5105 eﬂundentes
3189 5051 3212 5104 ?
3242 5048 3376 5104 Nam
3413 5052 3552 5105 mori

1955 5154 2180 5197 necesse
2204 5148 2324 5203 est;
2357 5141 2502 5209 quod
2534 5150 2716 5194 autem
2743 5141 2811 5194 ad
2840 5139 3136 5195 vivendum
3170 5151 3268 5196 aut
3299 5143 3552 5212 sepultu-

1954 5248 2067 5286 ram
2111 5233 2333 5297 attinet,
2364 5233 2560 5288 horum
2601 5233 2828 5288 omnino
2855 5243 3113 5289 neutrum
3170 5249 3397 5291 necesse
3427 5248 3549 5304 est;

1952 5336 2181 5396 propter
2271 5326 2420 5396 quod
2475 5326 2713 5382 alterum
2791 5326 2958 5381 etiam
3046 5326 3239 5381 invitis
3309 5328 3550 5382 homini.

1952 5418 2057 5472 bus
2106 5429 2303 5474 natura
2362 5420 2578 5489 perficit
2628 5438 2640 5472 :
2696 5419 2934 5474 alterum
2991 5420 3047 5474 in
3111 5419 3396 5475 voluntate
3451 5438 3550 5491 po-

1952 5514 2120 5566 situm
2193 5512 2559 5581 superstitum
2636 5515 2854 5584 signum
2917 5523 3002 5568 est
3066 5513 3394 5569 alterutrius
3451 5526 3548 5569 aut

1950 5605 2241 5660 dementiae
2280 5617 2377 5660 aut
2434 5605 2764 5676 prudentiae.
2804 5606 2921 5660 Tali
2958 5606 3126 5678 igitur
3181 5607 3549 5663 insectatione

1950 5694 2222 5751 aﬂiciinur
2255 5697 2419 5752 etiam
2461 5712 2582 5761 nos,
2612 5699 2706 5768 qui
2729 5698 2952 5767 quidem
2992 5699 3193 5768 ineptae
3227 5713 3424 5754 vocum
3450 5717 3551 5755 no-

1953 5791 2107 5844 vitati
2133 5789 2368 5846 Palamie
2397 5791 2558 5846 istius
2593 5790 2881 5862 indulgere
2908 5794 3172 5848 nolimus.
3198 5791 3396 5848 Omnia
3425 5796 3554 5856 atti-

1955 5883 2081 5940 dem
2119 5883 2284 5951 mala,
2336 5899 2461 5957 qua
2512 5896 2806 5956 propterea
2858 5889 3071 5957 experti
3130 5903 3347 5956 sumus,
3384 5885 3548 5961 272
