  <div class='ocr_page' id='page_1' title='image "/cluster/home/n/w/nwhite01/storage/ocr_20150623/149/ien.35556001660257/140.png"; bbox 0 0 4044 6514; ppageno 0'>
   <div class='ocr_carea' id='block_1_1' title="bbox 66 36 252 110">
    <p class='ocr_par' dir='ltr' id='par_1_1' title="bbox 70 40 252 106">
     <span class='ocr_line' id='line_1_1' title="bbox 241 40 252 48; baseline 0 0"><span class='ocrx_word' id='word_1_1' title='bbox 241 40 252 48; x_wconf 57' lang='grc' dir='ltr'><strong>-η</strong></span> 
     </span>
     <span class='ocr_line' id='line_1_2' title="bbox 70 40 252 106; baseline 0.011 -10"><span class='ocrx_word' id='word_1_2' title='bbox 70 40 130 106; x_wconf 61' lang='grc' dir='ltr'>μ.</span> <span class='ocrx_word' id='word_1_3' title='bbox 117 87 120 90; x_wconf 97' lang='grc'><strong><em>-</em></strong></span> <span class='ocrx_word' id='word_1_4' title='bbox 173 59 238 98; x_wconf 47' lang='grc' dir='ltr'><strong>⁵³θῦ</strong></span> <span class='ocrx_word' id='word_1_5' title='bbox 251 61 252 70; x_wconf 29' lang='lat'><strong>1</strong></span> 
     </span>
    </p>
   </div>
   <div class='ocr_carea' id='block_1_2' title="bbox 177 383 274 448">
    <p class='ocr_par' dir='ltr' id='par_1_2' title="bbox 177 383 274 448">
     <span class='ocr_line' id='line_1_3' title="bbox 177 383 274 448; baseline -0.021 0"><span class='ocrx_word' id='word_1_6' title='bbox 177 383 274 448; x_wconf 69' lang='lat'><strong>257</strong></span> 
     </span>
    </p>
   </div>
   <div class='ocr_carea' id='block_1_3' title="bbox 1194 356 2476 426">
    <p class='ocr_par' dir='ltr' id='par_1_3' title="bbox 1194 356 2476 426">
     <span class='ocr_line' id='line_1_4' title="bbox 1194 356 2476 426; baseline -0.009 0"><span class='ocrx_word' id='word_1_7' title='bbox 1194 359 1640 426; x_wconf 71' lang='lat' dir='ltr'><strong>BYZANTINAZ</strong></span> <span class='ocrx_word' id='word_1_8' title='bbox 1678 359 2070 420; x_wconf 66' lang='lat' dir='ltr'><strong>II&#39;lSTORliE</strong></span> <span class='ocrx_word' id='word_1_9' title='bbox 2106 358 2256 418; x_wconf 79' lang='lat' dir='ltr'><strong>LIB.</strong></span> <span class='ocrx_word' id='word_1_10' title='bbox 2296 356 2476 416; x_wconf 75' lang='lat' dir='ltr'><strong>XXX.</strong></span> 
     </span>
    </p>
   </div>
   <div class='ocr_carea' id='block_1_4' title="bbox 3361 347 3468 408">
    <p class='ocr_par' dir='ltr' id='par_1_4' title="bbox 3361 347 3468 408">
     <span class='ocr_line' id='line_1_5' title="bbox 3361 347 3468 408; baseline 0 -1"><span class='ocrx_word' id='word_1_11' title='bbox 3361 347 3468 408; x_wconf 64' lang='lat'><strong>958</strong></span> 
     </span>
    </p>
   </div>
   <div class='ocr_carea' id='block_1_5' title="bbox 174 466 1785 564">
    <p class='ocr_par' dir='ltr' id='par_1_5' title="bbox 174 477 1760 564">
     <span class='ocr_line' id='line_1_6' title="bbox 174 477 1760 564; baseline -0.013 -17"><span class='ocrx_word' id='word_1_12' title='bbox 174 494 376 564; x_wconf 70' lang='grc' dir='ltr'>λήσεως</span> <span class='ocrx_word' id='word_1_13' title='bbox 411 489 652 552; x_wconf 81' lang='grc' dir='ltr'>κανόνας</span> <span class='ocrx_word' id='word_1_14' title='bbox 693 486 792 539; x_wconf 76' lang='grc' dir='ltr'>καὶ</span> <span class='ocrx_word' id='word_1_15' title='bbox 817 485 1034 554; x_wconf 77' lang='grc' dir='ltr'>νόμους.</span> <span class='ocrx_word' id='word_1_16' title='bbox 1075 484 1183 536; x_wconf 66' lang='lat' dir='ltr'><strong>Kl‘t</strong></span> <span class='ocrx_word' id='word_1_17' title='bbox 1216 483 1317 536; x_wconf 75' lang='grc' dir='ltr'><strong>οὐκ</strong></span> <span class='ocrx_word' id='word_1_18' title='bbox 1350 480 1434 548; x_wconf 72' lang='grc' dir='ltr'><strong>ἐφ’</strong></span> <span class='ocrx_word' id='word_1_19' title='bbox 1464 481 1611 542; x_wconf 68' lang='grc' dir='ltr'>ἐνὸς,</span> <span class='ocrx_word' id='word_1_20' title='bbox 1644 477 1760 531; x_wconf 65' lang='grc' dir='ltr'><strong>ἀλλ’</strong></span> 
     </span>
    </p>
   </div>
   <div class='ocr_carea' id='block_1_6' title="bbox 1890 466 3467 564">
    <p class='ocr_par' dir='ltr' id='par_1_6' title="bbox 1894 466 3467 541">
     <span class='ocr_line' id='line_1_7' title="bbox 1894 466 3467 541; baseline -0.005 -14"><span class='ocrx_word' id='word_1_21' title='bbox 1894 477 2128 529; x_wconf 66' lang='lat' dir='ltr'><strong>ilnrimis</strong></span> <span class='ocrx_word' id='word_1_22' title='bbox 2157 488 2210 530; x_wconf 89' lang='lat' dir='ltr'><strong>et</strong></span> <span class='ocrx_word' id='word_1_23' title='bbox 2238 475 2498 538; x_wconf 80' lang='lat' dir='ltr'><strong>diversis,</strong></span> <span class='ocrx_word' id='word_1_24' title='bbox 2521 486 2646 541; x_wconf 73' lang='lat' dir='ltr'><strong>qua:</strong></span> <span class='ocrx_word' id='word_1_25' title='bbox 2679 468 2970 540; x_wconf 80' lang='lat' dir='ltr'><strong>snpposita</strong></span> <span class='ocrx_word' id='word_1_26' title='bbox 3004 476 3157 532; x_wconf 84' lang='lat' dir='ltr'><strong>sunt,</strong></span> <span class='ocrx_word' id='word_1_27' title='bbox 3201 466 3467 536; x_wconf 77' lang='lat' dir='ltr'><strong>quodque</strong></span> 
     </span>
    </p>
   </div>
   <div class='ocr_carea' id='block_1_7' title="bbox 172 569 1762 644">
    <p class='ocr_par' dir='ltr' id='par_1_7' title="bbox 172 569 1762 644">
     <span class='ocr_line' id='line_1_8' title="bbox 172 569 1762 644; baseline -0.009 -8"><span class='ocrx_word' id='word_1_28' title='bbox 172 585 276 640; x_wconf 54' lang='lat' dir='ltr'><strong>ﬁeri.</strong></span> <span class='ocrx_word' id='word_1_29' title='bbox 292 580 572 634; x_wconf 80' lang='grc' dir='ltr'><strong>πλείστων</strong></span> <span class='ocrx_word' id='word_1_30' title='bbox 601 595 660 630; x_wconf 87' lang='grc' dir='ltr'><strong>τε</strong></span> <span class='ocrx_word' id='word_1_31' title='bbox 685 578 783 630; x_wconf 74' lang='grc' dir='ltr'><strong>καὶ</strong></span> <span class='ocrx_word' id='word_1_32' title='bbox 809 575 1084 644; x_wconf 69' lang='grc' dir='ltr'>διαφόρων</span> <span class='ocrx_word' id='word_1_33' title='bbox 1111 573 1494 639; x_wconf 73' lang='grc' dir='ltr'><strong>ὑποκειμένων</strong></span> <span class='ocrx_word' id='word_1_34' title='bbox 1526 569 1762 623; x_wconf 74' lang='grc' dir='ltr'>ἕκαστον</span> 
     </span>
    </p>
   </div>
   <div class='ocr_carea' id='block_1_8' title="bbox 173 661 1765 739">
    <p class='ocr_par' dir='ltr' id='par_1_8' title="bbox 173 661 1765 739">
     <span class='ocr_line' id='line_1_9' title="bbox 173 661 1765 739; baseline -0.008 -13"><span class='ocrx_word' id='word_1_35' title='bbox 173 676 228 726; x_wconf 80' lang='grc' dir='ltr'>ἓν</span> <span class='ocrx_word' id='word_1_36' title='bbox 258 675 319 726; x_wconf 81' lang='grc' dir='ltr'>ὃν</span> <span class='ocrx_word' id='word_1_37' title='bbox 355 673 581 739; x_wconf 72' lang='grc' dir='ltr'>λέγεται</span> <span class='ocrx_word' id='word_1_38' title='bbox 631 670 830 738; x_wconf 67' lang='grc' dir='ltr'>ὄνομα,</span> <span class='ocrx_word' id='word_1_39' title='bbox 875 669 935 720; x_wconf 72' lang='grc' dir='ltr'>τὸ</span> <span class='ocrx_word' id='word_1_40' title='bbox 982 668 1233 719; x_wconf 77' lang='grc' dir='ltr'>πλεῖστον</span> <span class='ocrx_word' id='word_1_41' title='bbox 1270 667 1471 718; x_wconf 70' lang='grc' dir='ltr'>εἰπεῖν.</span> <span class='ocrx_word' id='word_1_42' title='bbox 1517 661 1645 716; x_wconf 73' lang='grc' dir='ltr'>Οἷον</span> <span class='ocrx_word' id='word_1_43' title='bbox 1672 664 1765 714; x_wconf 70' lang='grc' dir='ltr'><strong>ἐπὶ</strong></span> 
     </span>
    </p>
   </div>
   <div class='ocr_carea' id='block_1_9' title="bbox 174 754 1764 833">
    <p class='ocr_par' dir='ltr' id='par_1_9' title="bbox 174 754 1764 833">
     <span class='ocr_line' id='line_1_10' title="bbox 174 754 1764 833; baseline -0.009 -15"><span class='ocrx_word' id='word_1_44' title='bbox 174 765 596 833; x_wconf 76' lang='grc' dir='ltr'>ὑποδείγματος,</span> <span class='ocrx_word' id='word_1_45' title='bbox 618 762 748 827; x_wconf 67' lang='grc' dir='ltr'>περὶ</span> <span class='ocrx_word' id='word_1_46' title='bbox 784 760 1094 830; x_wconf 74' lang='grc' dir='ltr'><strong>βουλήσεως</strong></span> <span class='ocrx_word' id='word_1_47' title='bbox 1123 757 1278 828; x_wconf 74' lang='grc' dir='ltr'>εὖροι</span> <span class='ocrx_word' id='word_1_48' title='bbox 1308 775 1391 820; x_wconf 85' lang='grc' dir='ltr'><strong>τις</strong></span> <span class='ocrx_word' id='word_1_49' title='bbox 1423 757 1491 810; x_wconf 89' lang='grc' dir='ltr'>ἂν</span> <span class='ocrx_word' id='word_1_50' title='bbox 1520 754 1764 823; x_wconf 77' lang='grc' dir='ltr'>τοῦνομα</span> 
     </span>
    </p>
   </div>
   <div class='ocr_carea' id='block_1_10' title="bbox 177 847 1763 925">
    <p class='ocr_par' dir='ltr' id='par_1_10' title="bbox 177 847 1763 925">
     <span class='ocr_line' id='line_1_11' title="bbox 177 847 1763 925; baseline -0.008 -15"><span class='ocrx_word' id='word_1_51' title='bbox 177 859 305 910; x_wconf 80' lang='grc' dir='ltr'>ποτὲ</span> <span class='ocrx_word' id='word_1_52' title='bbox 346 859 446 925; x_wconf 81' lang='grc' dir='ltr'><strong>μὲν</strong></span> <span class='ocrx_word' id='word_1_53' title='bbox 491 857 586 906; x_wconf 74' lang='grc' dir='ltr'><strong>ἐπὶ</strong></span> <span class='ocrx_word' id='word_1_54' title='bbox 627 853 729 920; x_wconf 78' lang='grc' dir='ltr'>τῆς</span> <span class='ocrx_word' id='word_1_55' title='bbox 777 853 1035 907; x_wconf 76' lang='grc' dir='ltr'>ἀκτίστου</span> <span class='ocrx_word' id='word_1_56' title='bbox 1083 849 1148 922; x_wconf 69' lang='grc' dir='ltr'><strong>ιι.</strong></span> <span class='ocrx_word' id='word_1_57' title='bbox 1185 851 1287 904; x_wconf 81' lang='grc'><strong>159</strong></span> <span class='ocrx_word' id='word_1_58' title='bbox 1317 849 1368 920; x_wconf 85' lang='grc' dir='ltr'><strong>υ]</strong></span> <span class='ocrx_word' id='word_1_59' title='bbox 1418 849 1633 917; x_wconf 75' lang='grc' dir='ltr'>φύσεως</span> <span class='ocrx_word' id='word_1_60' title='bbox 1668 847 1763 898; x_wconf 78' lang='grc' dir='ltr'><strong>τοῦ</strong></span> 
     </span>
    </p>
   </div>
   <div class='ocr_carea' id='block_1_11' title="bbox 177 939 1766 1014">
    <p class='ocr_par' dir='ltr' id='par_1_11' title="bbox 177 939 1766 1014">
     <span class='ocr_line' id='line_1_12' title="bbox 177 939 1766 1014; baseline -0.006 -15"><span class='ocrx_word' id='word_1_61' title='bbox 177 947 302 999; x_wconf 77' lang='grc' dir='ltr'>Υἰοῦ</span> <span class='ocrx_word' id='word_1_62' title='bbox 369 945 816 1014; x_wconf 69' lang='grc' dir='ltr'>λσμὸανὸμενον,</span> <span class='ocrx_word' id='word_1_63' title='bbox 875 943 1005 994; x_wconf 76' lang='grc' dir='ltr'><strong>ποτέ</strong></span> <span class='ocrx_word' id='word_1_64' title='bbox 1059 941 1105 994; x_wconf 79' lang='grc' dir='ltr'><strong>δ’</strong></span> <span class='ocrx_word' id='word_1_65' title='bbox 1147 943 1238 993; x_wconf 68' lang='grc' dir='ltr'><strong>ἐπὶ</strong></span> <span class='ocrx_word' id='word_1_66' title='bbox 1283 941 1395 993; x_wconf 76' lang='grc' dir='ltr'>τῶν</span> <span class='ocrx_word' id='word_1_67' title='bbox 1443 939 1766 1006; x_wconf 74' lang='grc' dir='ltr'>κτισμάτων</span> 
     </span>
    </p>
   </div>
   <div class='ocr_carea' id='block_1_12' title="bbox 175 1031 1767 1107">
    <p class='ocr_par' dir='ltr' id='par_1_12' title="bbox 175 1031 1767 1107">
     <span class='ocr_line' id='line_1_13' title="bbox 175 1031 1767 1107; baseline -0.006 -18"><span class='ocrx_word' id='word_1_68' title='bbox 175 1039 324 1107; x_wconf 70' lang='grc' dir='ltr'>παρὰ</span> <span class='ocrx_word' id='word_1_69' title='bbox 347 1038 457 1089; x_wconf 83' lang='grc' dir='ltr'><strong>τῶν</strong></span> <span class='ocrx_word' id='word_1_70' title='bbox 477 1037 671 1104; x_wconf 78' lang='grc' dir='ltr'>ἁγίων,</span> <span class='ocrx_word' id='word_1_71' title='bbox 691 1035 767 1096; x_wconf 85' lang='grc' dir='ltr'>ὠς</span> <span class='ocrx_word' id='word_1_72' title='bbox 789 1037 815 1086; x_wconf 80' lang='grc' dir='ltr'>ὁ</span> <span class='ocrx_word' id='word_1_73' title='bbox 837 1035 1006 1102; x_wconf 79' lang='grc' dir='ltr'>μέγας</span> <span class='ocrx_word' id='word_1_74' title='bbox 1037 1032 1352 1092; x_wconf 75' lang='grc' dir='ltr'>ἈΟανᾶσιος</span> <span class='ocrx_word' id='word_1_75' title='bbox 1379 1031 1523 1083; x_wconf 69' lang='grc' dir='ltr'>κατὰ</span> <span class='ocrx_word' id='word_1_76' title='bbox 1554 1031 1767 1099; x_wconf 81' lang='grc' dir='ltr'>’Λρεια-</span> 
     </span>
    </p>
   </div>
   <div class='ocr_carea' id='block_1_13' title="bbox 173 1122 1766 1199">
    <p class='ocr_par' dir='ltr' id='par_1_13' title="bbox 173 1122 1766 1199">
     <span class='ocr_line' id='line_1_14' title="bbox 173 1122 1766 1199; baseline -0.006 -18"><span class='ocrx_word' id='word_1_77' title='bbox 173 1132 274 1182; x_wconf 71' lang='grc' dir='ltr'>νῶν</span> <span class='ocrx_word' id='word_1_78' title='bbox 305 1130 543 1199; x_wconf 63' lang='grc' dir='ltr'>γράφων</span> <span class='ocrx_word' id='word_1_79' title='bbox 587 1131 754 1199; x_wconf 60' lang='grc' dir='ltr'>φησιν</span> <span class='ocrx_word' id='word_1_80' title='bbox 802 1127 876 1188; x_wconf 79' lang='grc' dir='ltr'>ὡς</span> <span class='ocrx_word' id='word_1_81' title='bbox 915 1126 963 1178; x_wconf 88' lang='grc' dir='ltr'><strong>οί</strong></span> <span class='ocrx_word' id='word_1_82' title='bbox 998 1125 1216 1186; x_wconf 68' lang='grc' dir='ltr'>ἀσεϐεῖς</span> <span class='ocrx_word' id='word_1_83' title='bbox 1258 1126 1317 1176; x_wconf 66' lang='grc' dir='ltr'><strong>οὐ</strong></span> <span class='ocrx_word' id='word_1_84' title='bbox 1359 1123 1576 1176; x_wconf 76' lang='grc' dir='ltr'><strong>θέλουσι</strong></span> <span class='ocrx_word' id='word_1_85' title='bbox 1609 1122 1766 1190; x_wconf 71' lang='grc' dir='ltr'>λόγον</span> 
     </span>
    </p>
   </div>
   <div class='ocr_carea' id='block_1_14' title="bbox 173 1213 1769 1290">
    <p class='ocr_par' dir='ltr' id='par_1_14' title="bbox 173 1213 1769 1290">
     <span class='ocr_line' id='line_1_15' title="bbox 173 1213 1769 1290; baseline -0.005 -17"><span class='ocrx_word' id='word_1_86' title='bbox 173 1223 263 1275; x_wconf 76' lang='grc' dir='ltr'><strong>καὶ</strong></span> <span class='ocrx_word' id='word_1_87' title='bbox 299 1222 507 1290; x_wconf 70' lang='grc' dir='ltr'>βουλὴν</span> <span class='ocrx_word' id='word_1_88' title='bbox 539 1222 724 1284; x_wconf 80' lang='grc' dir='ltr'>ζῶσαν</span> <span class='ocrx_word' id='word_1_89' title='bbox 766 1214 909 1271; x_wconf 79' lang='grc' dir='ltr'>εἶναι</span> <span class='ocrx_word' id='word_1_90' title='bbox 937 1216 1030 1270; x_wconf 87' lang='grc' dir='ltr'>τδν</span> <span class='ocrx_word' id='word_1_91' title='bbox 1061 1217 1212 1279; x_wconf 70' lang='grc' dir='ltr'>Υίδν,</span> <span class='ocrx_word' id='word_1_92' title='bbox 1263 1217 1392 1283; x_wconf 68' lang='grc' dir='ltr'>περὶ</span> <span class='ocrx_word' id='word_1_93' title='bbox 1420 1215 1477 1267; x_wconf 80' lang='grc' dir='ltr'><strong>δὲ</strong></span> <span class='ocrx_word' id='word_1_94' title='bbox 1511 1215 1601 1267; x_wconf 76' lang='grc' dir='ltr'>τὸν</span> <span class='ocrx_word' id='word_1_95' title='bbox 1633 1213 1769 1266; x_wconf 76' lang='grc' dir='ltr'>Θεὸν</span> 
     </span>
    </p>
   </div>
   <div class='ocr_carea' id='block_1_15' title="bbox 175 1305 1768 1383">
    <p class='ocr_par' dir='ltr' id='par_1_15' title="bbox 175 1305 1768 1383">
     <span class='ocr_line' id='line_1_16' title="bbox 175 1305 1768 1383; baseline -0.005 -19"><span class='ocrx_word' id='word_1_96' title='bbox 175 1313 439 1383; x_wconf 71' lang='grc' dir='ltr'>βούλησιν</span> <span class='ocrx_word' id='word_1_97' title='bbox 469 1316 564 1366; x_wconf 69' lang='grc' dir='ltr'><strong>καὶ</strong></span> <span class='ocrx_word' id='word_1_98' title='bbox 615 1311 878 1380; x_wconf 74' lang='grc' dir='ltr'><strong>φρόνησιν</strong></span> <span class='ocrx_word' id='word_1_99' title='bbox 919 1311 1010 1363; x_wconf 66' lang='grc' dir='ltr'><strong>καὶ</strong></span> <span class='ocrx_word' id='word_1_100' title='bbox 1042 1309 1235 1376; x_wconf 62' lang='grc' dir='ltr'>σοφίαν</span> <span class='ocrx_word' id='word_1_101' title='bbox 1270 1307 1346 1369; x_wconf 84' lang='grc' dir='ltr'>ὡς</span> <span class='ocrx_word' id='word_1_102' title='bbox 1378 1307 1493 1371; x_wconf 78' lang='grc' dir='ltr'>ἕξιν</span> <span class='ocrx_word' id='word_1_103' title='bbox 1528 1305 1768 1374; x_wconf 76' lang='grc' dir='ltr'>συμϐαί-</span> 
     </span>
    </p>
   </div>
   <div class='ocr_carea' id='block_1_16' title="bbox 172 1398 1768 1472">
    <p class='ocr_par' dir='ltr' id='par_1_16' title="bbox 172 1398 1768 1472">
     <span class='ocr_line' id='line_1_17' title="bbox 172 1398 1768 1472; baseline -0.004 -16"><span class='ocrx_word' id='word_1_104' title='bbox 172 1424 371 1458; x_wconf 73' lang='grc' dir='ltr'>νουσαν</span> <span class='ocrx_word' id='word_1_105' title='bbox 417 1409 517 1458; x_wconf 71' lang='grc' dir='ltr'><strong>καὶ</strong></span> <span class='ocrx_word' id='word_1_106' title='bbox 544 1403 1085 1472; x_wconf 72' lang='grc' dir='ltr'>ἁποςυμῦαίνουσαν.</span> <span class='ocrx_word' id='word_1_107' title='bbox 1119 1402 1230 1454; x_wconf 78' lang='grc' dir='ltr'><strong>Καὶ</strong></span> <span class='ocrx_word' id='word_1_108' title='bbox 1262 1402 1465 1467; x_wconf 72' lang='grc' dir='ltr'>ὁμοίως</span> <span class='ocrx_word' id='word_1_109' title='bbox 1514 1398 1768 1467; x_wconf 78' lang='grc' dir='ltr'><strong>Ἰωάννης</strong></span> 
     </span>
    </p>
   </div>
   <div class='ocr_carea' id='block_1_17' title="bbox 166 1491 1770 1567">
    <p class='ocr_par' dir='ltr' id='par_1_17' title="bbox 166 1491 1770 1567">
     <span class='ocr_line' id='line_1_18' title="bbox 166 1491 1770 1567; baseline -0.007 -16"><span class='ocrx_word' id='word_1_110' title='bbox 166 1501 194 1551; x_wconf 86' lang='grc' dir='ltr'><strong><em>ὸ</em></strong></span> <span class='ocrx_word' id='word_1_111' title='bbox 233 1500 299 1550; x_wconf 80' lang='grc' dir='ltr'><strong>ἐκ</strong></span> <span class='ocrx_word' id='word_1_112' title='bbox 355 1496 662 1567; x_wconf 74' lang='grc' dir='ltr'>Δαμασκοῦ</span> <span class='ocrx_word' id='word_1_113' title='bbox 706 1496 966 1566; x_wconf 75' lang='grc' dir='ltr'>βούλησιν</span> <span class='ocrx_word' id='word_1_114' title='bbox 1008 1494 1101 1548; x_wconf 69' lang='grc' dir='ltr'><strong>καὶ</strong></span> <span class='ocrx_word' id='word_1_115' title='bbox 1152 1493 1348 1560; x_wconf 78' lang='grc' dir='ltr'>σοφίαν</span> <span class='ocrx_word' id='word_1_116' title='bbox 1388 1494 1484 1544; x_wconf 75' lang='grc' dir='ltr'><strong>καὶ</strong></span> <span class='ocrx_word' id='word_1_117' title='bbox 1536 1491 1770 1558; x_wconf 84' lang='grc' dir='ltr'>δύναμιν</span> 
     </span>
    </p>
   </div>
   <div class='ocr_carea' id='block_1_18' title="bbox 166 1578 1769 1650">
    <p class='ocr_par' dir='ltr' id='par_1_18' title="bbox 166 1578 1769 1650">
     <span class='ocr_line' id='line_1_19' title="bbox 166 1578 1769 1650; baseline -0.003 -12"><span class='ocrx_word' id='word_1_118' title='bbox 166 1585 255 1638; x_wconf 62' lang='grc' dir='ltr'>τὸν</span> <span class='ocrx_word' id='word_1_119' title='bbox 281 1586 423 1637; x_wconf 82' lang='grc' dir='ltr'>Υἱὸν</span> <span class='ocrx_word' id='word_1_120' title='bbox 459 1582 603 1638; x_wconf 82' lang='grc' dir='ltr'>εἶναι</span> <span class='ocrx_word' id='word_1_121' title='bbox 638 1584 792 1648; x_wconf 81' lang='grc' dir='ltr'>λέγει</span> <span class='ocrx_word' id='word_1_122' title='bbox 820 1582 915 1636; x_wconf 83' lang='grc' dir='ltr'><strong>τοῦ</strong></span> <span class='ocrx_word' id='word_1_123' title='bbox 950 1579 1178 1650; x_wconf 73' lang='grc' dir='ltr'>Πατρός·</span> <span class='ocrx_word' id='word_1_124' title='bbox 1217 1582 1277 1633; x_wconf 79' lang='grc' dir='ltr'><strong>οὐ</strong></span> <span class='ocrx_word' id='word_1_125' title='bbox 1306 1579 1413 1649; x_wconf 81' lang='grc' dir='ltr'><strong>χρὴ</strong></span> <span class='ocrx_word' id='word_1_126' title='bbox 1450 1579 1558 1648; x_wconf 80' lang='grc' dir='ltr'><strong>γὰρ</strong></span> <span class='ocrx_word' id='word_1_127' title='bbox 1586 1578 1769 1646; x_wconf 78' lang='grc' dir='ltr'>λέγειν</span> 
     </span>
    </p>
   </div>
   <div class='ocr_carea' id='block_1_19' title="bbox 171 1672 1772 1746">
    <p class='ocr_par' dir='ltr' id='par_1_19' title="bbox 171 1672 1772 1746">
     <span class='ocr_line' id='line_1_20' title="bbox 171 1672 1772 1746; baseline -0.004 -18"><span class='ocrx_word' id='word_1_128' title='bbox 171 1678 264 1728; x_wconf 67' lang='grc' dir='ltr'><strong>ἐπὶ</strong></span> <span class='ocrx_word' id='word_1_129' title='bbox 279 1675 424 1729; x_wconf 78' lang='grc' dir='ltr'>Θεοῦ</span> <span class='ocrx_word' id='word_1_130' title='bbox 462 1675 750 1743; x_wconf 71' lang='grc' dir='ltr'>ποιότητα,</span> <span class='ocrx_word' id='word_1_131' title='bbox 775 1675 862 1727; x_wconf 73' lang='grc' dir='ltr'>ἵνα</span> <span class='ocrx_word' id='word_1_132' title='bbox 883 1674 956 1746; x_wconf 83' lang='grc' dir='ltr'>μὴ</span> <span class='ocrx_word' id='word_1_133' title='bbox 980 1673 1236 1726; x_wconf 75' lang='grc' dir='ltr'>σύνθετον</span> <span class='ocrx_word' id='word_1_134' title='bbox 1257 1674 1424 1726; x_wconf 75' lang='grc' dir='ltr'>αὐτὸν</span> <span class='ocrx_word' id='word_1_135' title='bbox 1447 1672 1772 1741; x_wconf 79' lang='grc' dir='ltr'>ποιήσωμεν</span> 
     </span>
    </p>
   </div>
   <div class='ocr_carea' id='block_1_20' title="bbox 171 1763 1772 1838">
    <p class='ocr_par' dir='ltr' id='par_1_20' title="bbox 171 1763 1772 1838">
     <span class='ocr_line' id='line_1_21' title="bbox 171 1763 1772 1838; baseline -0.004 -16"><span class='ocrx_word' id='word_1_136' title='bbox 171 1771 229 1834; x_wconf 80' lang='grc' dir='ltr'>ἐξ</span> <span class='ocrx_word' id='word_1_137' title='bbox 258 1769 459 1827; x_wconf 82' lang='grc' dir='ltr'>οὐσίας</span> <span class='ocrx_word' id='word_1_138' title='bbox 492 1769 588 1822; x_wconf 80' lang='grc' dir='ltr'><strong>καὶ</strong></span> <span class='ocrx_word' id='word_1_139' title='bbox 618 1769 927 1838; x_wconf 79' lang='grc' dir='ltr'>ποιότητος.</span> <span class='ocrx_word' id='word_1_140' title='bbox 977 1766 1089 1819; x_wconf 72' lang='grc' dir='ltr'>Καὶ</span> <span class='ocrx_word' id='word_1_141' title='bbox 1133 1767 1272 1835; x_wconf 81' lang='grc' dir='ltr'>πρός</span> <span class='ocrx_word' id='word_1_142' title='bbox 1325 1782 1389 1832; x_wconf 89' lang='grc' dir='ltr'><strong>γε</strong></span> <span class='ocrx_word' id='word_1_143' title='bbox 1421 1765 1448 1817; x_wconf 84' lang='grc' dir='ltr'>ὁ</span> <span class='ocrx_word' id='word_1_144' title='bbox 1473 1763 1772 1817; x_wconf 84' lang='grc' dir='ltr'>Νυσσαέων</span> 
     </span>
    </p>
   </div>
   <div class='ocr_carea' id='block_1_21' title="bbox 1874 561 3465 636">
    <p class='ocr_par' dir='ltr' id='par_1_21' title="bbox 1874 561 3465 636">
     <span class='ocr_line' id='line_1_22' title="bbox 1874 561 3465 636; baseline -0.007 -15"><span class='ocrx_word' id='word_1_145' title='bbox 1874 585 2098 631; x_wconf 81' lang='lat' dir='ltr'><strong>nomen,</strong></span> <span class='ocrx_word' id='word_1_146' title='bbox 2133 584 2449 636; x_wconf 79' lang='lat' dir='ltr'><strong>quanquam</strong></span> <span class='ocrx_word' id='word_1_147' title='bbox 2485 581 2657 619; x_wconf 87' lang='lat' dir='ltr'><strong>unum</strong></span> <span class='ocrx_word' id='word_1_148' title='bbox 2689 573 2797 628; x_wconf 82' lang='lat' dir='ltr'><strong>est,</strong></span> <span class='ocrx_word' id='word_1_149' title='bbox 2833 574 3020 616; x_wconf 81' lang='lat' dir='ltr'><strong>tamen</strong></span> <span class='ocrx_word' id='word_1_150' title='bbox 3044 562 3252 615; x_wconf 81' lang='lat' dir='ltr'><strong>dicitur</strong></span> <span class='ocrx_word' id='word_1_151' title='bbox 3285 561 3465 629; x_wconf 84' lang='lat' dir='ltr'><strong>pluri-</strong></span> 
     </span>
    </p>
   </div>
   <div class='ocr_carea' id='block_1_22' title="bbox 1872 654 3466 730">
    <p class='ocr_par' dir='ltr' id='par_1_22' title="bbox 1872 654 3466 730">
     <span class='ocr_line' id='line_1_23' title="bbox 1872 654 3466 730; baseline -0.008 -16"><span class='ocrx_word' id='word_1_152' title='bbox 1872 678 2020 714; x_wconf 80' lang='lat' dir='ltr'><strong>mnni</strong></span> <span class='ocrx_word' id='word_1_153' title='bbox 2054 661 2388 730; x_wconf 66' lang='lat' dir='ltr'><strong>significare.</strong></span> <span class='ocrx_word' id='word_1_154' title='bbox 2433 667 2490 712; x_wconf 89' lang='lat' dir='ltr'><strong>nt</strong></span> <span class='ocrx_word' id='word_1_155' title='bbox 2521 658 2759 726; x_wconf 79' lang='lat' dir='ltr'><strong>exempli</strong></span> <span class='ocrx_word' id='word_1_156' title='bbox 2822 658 3019 722; x_wconf 80' lang='lat' dir='ltr'><strong>gratia,</strong></span> <span class='ocrx_word' id='word_1_157' title='bbox 3071 654 3140 708; x_wconf 88' lang='lat' dir='ltr'><strong>de</strong></span> <span class='ocrx_word' id='word_1_158' title='bbox 3179 657 3466 705; x_wconf 82' lang='lat' dir='ltr'><strong>voluntate</strong></span> 
     </span>
    </p>
   </div>
   <div class='ocr_carea' id='block_1_23' title="bbox 1872 741 3465 820">
    <p class='ocr_par' dir='ltr' id='par_1_23' title="bbox 1872 741 3465 820">
     <span class='ocr_line' id='line_1_24' title="bbox 1872 741 3465 820; baseline -0.008 -13"><span class='ocrx_word' id='word_1_159' title='bbox 1872 755 2118 820; x_wconf 78' lang='lat' dir='ltr'><strong>reperias</strong></span> <span class='ocrx_word' id='word_1_160' title='bbox 2164 768 2365 806; x_wconf 88' lang='lat' dir='ltr'><strong>nomen</strong></span> <span class='ocrx_word' id='word_1_161' title='bbox 2400 750 2678 804; x_wconf 81' lang='lat' dir='ltr'><strong>interdum</strong></span> <span class='ocrx_word' id='word_1_162' title='bbox 2723 750 2776 801; x_wconf 86' lang='lat' dir='ltr'><strong>in</strong></span> <span class='ocrx_word' id='word_1_163' title='bbox 2821 759 3018 800; x_wconf 84' lang='lat' dir='ltr'><strong>natura</strong></span> <span class='ocrx_word' id='word_1_164' title='bbox 3060 746 3306 799; x_wconf 86' lang='lat' dir='ltr'><strong>increata</strong></span> <span class='ocrx_word' id='word_1_165' title='bbox 3342 741 3465 794; x_wconf 81' lang='lat' dir='ltr'><strong>Filii</strong></span> 
     </span>
    </p>
   </div>
   <div class='ocr_carea' id='block_1_24' title="bbox 1875 838 3467 915">
    <p class='ocr_par' dir='ltr' id='par_1_24' title="bbox 1875 838 3467 915">
     <span class='ocr_line' id='line_1_25' title="bbox 1875 838 3467 915; baseline -0.009 -17"><span class='ocrx_word' id='word_1_166' title='bbox 1875 855 2231 915; x_wconf 76' lang='lat' dir='ltr'><strong>usmpatunt,</strong></span> <span class='ocrx_word' id='word_1_167' title='bbox 2270 845 2553 899; x_wconf 74' lang='lat' dir='ltr'><strong>interdum</strong></span> <span class='ocrx_word' id='word_1_168' title='bbox 2588 853 2771 895; x_wconf 80' lang='lat' dir='ltr'><strong>autem</strong></span> <span class='ocrx_word' id='word_1_169' title='bbox 2806 843 2862 894; x_wconf 89' lang='lat' dir='ltr'><strong>in</strong></span> <span class='ocrx_word' id='word_1_170' title='bbox 2922 839 3126 894; x_wconf 81' lang='lat' dir='ltr'><strong>creatis</strong></span> <span class='ocrx_word' id='word_1_171' title='bbox 3173 855 3200 891; x_wconf 88' lang='lat' dir='ltr'><strong>a</strong></span> <span class='ocrx_word' id='word_1_172' title='bbox 3235 838 3467 898; x_wconf 72' lang='lat' dir='ltr'><strong>sanctis,</strong></span> 
     </span>
    </p>
   </div>
   <div class='ocr_carea' id='block_1_25' title="bbox 1873 923 3466 1006">
    <p class='ocr_par' dir='ltr' id='par_1_25' title="bbox 1873 923 3466 1006">
     <span class='ocr_line' id='line_1_26' title="bbox 1873 923 3466 1006; baseline -0.008 -17"><span class='ocrx_word' id='word_1_173' title='bbox 1873 936 2037 1006; x_wconf 71' lang='grc'><strong>292</strong></span> <span class='ocrx_word' id='word_1_174' title='bbox 2069 944 2126 988; x_wconf 83' lang='grc' dir='ltr'><strong>υι</strong></span> <span class='ocrx_word' id='word_1_175' title='bbox 2159 923 2495 989; x_wconf 78' lang='lat' dir='ltr'><strong>Athanasius</strong></span> <span class='ocrx_word' id='word_1_176' title='bbox 2538 948 2770 998; x_wconf 70' lang='lat' dir='ltr'><strong>magnus</strong></span> <span class='ocrx_word' id='word_1_177' title='bbox 2821 941 3013 983; x_wconf 83' lang='lat' dir='ltr'><strong>contra</strong></span> <span class='ocrx_word' id='word_1_178' title='bbox 3049 929 3286 982; x_wconf 77' lang='lat' dir='ltr'><strong>Arianos</strong></span> <span class='ocrx_word' id='word_1_179' title='bbox 3327 926 3466 977; x_wconf 83' lang='lat' dir='ltr'><strong>seri-</strong></span> 
     </span>
    </p>
   </div>
   <div class='ocr_carea' id='block_1_26' title="bbox 1876 1016 3470 1095">
    <p class='ocr_par' dir='ltr' id='par_1_26' title="bbox 1876 1016 3470 1095">
     <span class='ocr_line' id='line_1_27' title="bbox 1876 1016 3470 1095; baseline -0.009 -14"><span class='ocrx_word' id='word_1_180' title='bbox 1876 1030 2010 1081; x_wconf 80' lang='lat' dir='ltr'><strong>bens</strong></span> <span class='ocrx_word' id='word_1_181' title='bbox 2041 1027 2174 1080; x_wconf 87' lang='lat' dir='ltr'><strong>dicit</strong></span> <span class='ocrx_word' id='word_1_182' title='bbox 2204 1043 2216 1079; x_wconf 92' lang='lat'><strong>:</strong></span> <span class='ocrx_word' id='word_1_183' title='bbox 2257 1046 2273 1075; x_wconf 80' lang='grc' dir='ltr'><strong>ι</strong></span> <span class='ocrx_word' id='word_1_184' title='bbox 2302 1023 2458 1095; x_wconf 76' lang='lat' dir='ltr'><strong>impii</strong></span> <span class='ocrx_word' id='word_1_185' title='bbox 2497 1039 2604 1077; x_wconf 90' lang='lat' dir='ltr'><strong>non</strong></span> <span class='ocrx_word' id='word_1_186' title='bbox 2641 1033 2893 1075; x_wconf 78' lang='lat' dir='ltr'><strong>statuunt</strong></span> <span class='ocrx_word' id='word_1_187' title='bbox 2924 1020 3122 1074; x_wconf 83' lang='lat' dir='ltr'><strong>Filium</strong></span> <span class='ocrx_word' id='word_1_188' title='bbox 3148 1033 3271 1072; x_wconf 87' lang='lat' dir='ltr'><strong>esse</strong></span> <span class='ocrx_word' id='word_1_189' title='bbox 3304 1016 3470 1070; x_wconf 86' lang='lat' dir='ltr'><strong>ratio-</strong></span> 
     </span>
    </p>
   </div>
   <div class='ocr_carea' id='block_1_27' title="bbox 1874 1107 3468 1180">
    <p class='ocr_par' dir='ltr' id='par_1_27' title="bbox 1874 1107 3468 1180">
     <span class='ocr_line' id='line_1_28' title="bbox 1874 1107 3468 1180; baseline -0.009 -9"><span class='ocrx_word' id='word_1_190' title='bbox 1874 1134 1998 1171; x_wconf 89' lang='lat' dir='ltr'><strong>nem</strong></span> <span class='ocrx_word' id='word_1_191' title='bbox 2028 1117 2459 1175; x_wconf 76' lang='lat' dir='ltr'><strong>et.vnluntatem</strong></span> <span class='ocrx_word' id='word_1_192' title='bbox 2494 1122 2547 1168; x_wconf 90' lang='lat' dir='ltr'><strong>et</strong></span> <span class='ocrx_word' id='word_1_193' title='bbox 2599 1113 2992 1180; x_wconf 65' lang='lat' dir='ltr'><strong>cogitationem</strong></span> <span class='ocrx_word' id='word_1_194' title='bbox 3047 1117 3103 1164; x_wconf 87' lang='lat' dir='ltr'><strong>et</strong></span> <span class='ocrx_word' id='word_1_195' title='bbox 3139 1107 3468 1176; x_wconf 69' lang='lat' dir='ltr'><strong>sapiei&#39;itiam</strong></span> 
     </span>
    </p>
   </div>
   <div class='ocr_carea' id='block_1_28' title="bbox 1874 1197 3470 1275">
    <p class='ocr_par' dir='ltr' id='par_1_28' title="bbox 1874 1197 3470 1275">
     <span class='ocr_line' id='line_1_29' title="bbox 1874 1197 3470 1275; baseline -0.01 -15"><span class='ocrx_word' id='word_1_196' title='bbox 1874 1219 2133 1275; x_wconf 84' lang='lat' dir='ltr'><strong>tanquam</strong></span> <span class='ocrx_word' id='word_1_197' title='bbox 2166 1207 2416 1271; x_wconf 76' lang='lat' dir='ltr'><strong>habitum</strong></span> <span class='ocrx_word' id='word_1_198' title='bbox 2440 1204 2863 1257; x_wconf 70' lang='lat' dir='ltr'><strong>convenientem</strong></span> <span class='ocrx_word' id='word_1_199' title='bbox 2882 1208 2934 1254; x_wconf 88' lang='lat' dir='ltr'><strong>et</strong></span> <span class='ocrx_word' id='word_1_200' title='bbox 2960 1197 3470 1254; x_wconf 83' lang='lat' dir='ltr'><strong>inconvenientcnt.</strong></span> 
     </span>
    </p>
   </div>
   <div class='ocr_carea' id='block_1_29' title="bbox 1875 1291 3468 1354">
    <p class='ocr_par' dir='ltr' id='par_1_29' title="bbox 1875 1291 3468 1354">
     <span class='ocr_line' id='line_1_30' title="bbox 1875 1291 3468 1354; baseline -0.01 0"><span class='ocrx_word' id='word_1_201' title='bbox 1875 1300 1939 1354; x_wconf 77' lang='lat' dir='ltr'><strong>Et</strong></span> <span class='ocrx_word' id='word_1_202' title='bbox 1981 1299 2148 1352; x_wconf 86' lang='lat' dir='ltr'><strong>simili</strong></span> <span class='ocrx_word' id='word_1_203' title='bbox 2189 1299 2402 1352; x_wconf 80' lang='lat' dir='ltr'><strong>ratione</strong></span> <span class='ocrx_word' id='word_1_204' title='bbox 2445 1298 2691 1351; x_wconf 81' lang='lat' dir='ltr'><strong>Joannes</strong></span> <span class='ocrx_word' id='word_1_205' title='bbox 2725 1295 3095 1348; x_wconf 82' lang='lat' dir='ltr'><strong>Damascenus</strong></span> <span class='ocrx_word' id='word_1_206' title='bbox 3127 1291 3468 1344; x_wconf 89' lang='lat' dir='ltr'><strong>voluntatem</strong></span> 
     </span>
    </p>
   </div>
   <div class='ocr_carea' id='block_1_30' title="bbox 1873 1379 3470 1458">
    <p class='ocr_par' dir='ltr' id='par_1_30' title="bbox 1873 1379 3470 1458">
     <span class='ocr_line' id='line_1_31' title="bbox 1873 1379 3470 1458; baseline -0.008 -15"><span class='ocrx_word' id='word_1_207' title='bbox 1873 1398 1930 1444; x_wconf 90' lang='lat' dir='ltr'><strong>et</strong></span> <span class='ocrx_word' id='word_1_208' title='bbox 1967 1389 2301 1458; x_wconf 77' lang='lat' dir='ltr'><strong>sapientiam</strong></span> <span class='ocrx_word' id='word_1_209' title='bbox 2343 1396 2398 1440; x_wconf 91' lang='lat' dir='ltr'><strong>et</strong></span> <span class='ocrx_word' id='word_1_210' title='bbox 2424 1387 2531 1440; x_wconf 75' lang='lat' dir='ltr'><strong>vim</strong></span> <span class='ocrx_word' id='word_1_211' title='bbox 2565 1386 2768 1440; x_wconf 82' lang='lat' dir='ltr'><strong>Filium</strong></span> <span class='ocrx_word' id='word_1_212' title='bbox 2794 1399 2914 1439; x_wconf 86' lang='lat' dir='ltr'><strong>esse</strong></span> <span class='ocrx_word' id='word_1_213' title='bbox 2950 1383 3084 1437; x_wconf 84' lang='lat' dir='ltr'><strong>dicit</strong></span> <span class='ocrx_word' id='word_1_214' title='bbox 3120 1381 3320 1436; x_wconf 86' lang='lat' dir='ltr'><strong>Patris.</strong></span> <span class='ocrx_word' id='word_1_215' title='bbox 3353 1379 3470 1431; x_wconf 77' lang='grc' dir='ltr'>Νυιι</span> 
     </span>
    </p>
   </div>
   <div class='ocr_carea' id='block_1_31' title="bbox 1875 1472 3474 1549">
    <p class='ocr_par' dir='ltr' id='par_1_31' title="bbox 1875 1472 3474 1549">
     <span class='ocr_line' id='line_1_32' title="bbox 1875 1472 3474 1549; baseline -0.009 -14"><span class='ocrx_word' id='word_1_216' title='bbox 1875 1483 2026 1535; x_wconf 88' lang='lat' dir='ltr'><strong>enim</strong></span> <span class='ocrx_word' id='word_1_217' title='bbox 2063 1494 2360 1549; x_wconf 78' lang='lat' dir='ltr'><strong>possumus</strong></span> <span class='ocrx_word' id='word_1_218' title='bbox 2400 1478 2705 1546; x_wconf 83' lang='lat' dir='ltr'><strong>praedicare</strong></span> <span class='ocrx_word' id='word_1_219' title='bbox 2759 1475 2828 1530; x_wconf 89' lang='lat' dir='ltr'><strong>de</strong></span> <span class='ocrx_word' id='word_1_220' title='bbox 2862 1475 2974 1529; x_wconf 83' lang='lat' dir='ltr'><strong>Deo</strong></span> <span class='ocrx_word' id='word_1_221' title='bbox 3023 1472 3370 1542; x_wconf 84' lang='lat' dir='ltr'><strong>qualitatem.</strong></span> <span class='ocrx_word' id='word_1_222' title='bbox 3407 1485 3474 1521; x_wconf 88' lang='lat' dir='ltr'><strong>ne</strong></span> 
     </span>
    </p>
   </div>
   <div class='ocr_carea' id='block_1_32' title="bbox 1877 1561 3476 1640">
    <p class='ocr_par' dir='ltr' id='par_1_32' title="bbox 1877 1561 3476 1640">
     <span class='ocr_line' id='line_1_33' title="bbox 1877 1561 3476 1640; baseline -0.008 -14"><span class='ocrx_word' id='word_1_223' title='bbox 1877 1571 2247 1640; x_wconf 88' lang='lat' dir='ltr'><strong>compositum</strong></span> <span class='ocrx_word' id='word_1_224' title='bbox 2308 1584 2436 1624; x_wconf 89' lang='lat' dir='ltr'><strong>eum</strong></span> <span class='ocrx_word' id='word_1_225' title='bbox 2504 1569 2777 1638; x_wconf 79' lang='lat' dir='ltr'><strong>tingamus</strong></span> <span class='ocrx_word' id='word_1_226' title='bbox 2807 1582 2875 1620; x_wconf 75' lang='lat' dir='ltr'><strong>ex</strong></span> <span class='ocrx_word' id='word_1_227' title='bbox 2921 1563 3166 1620; x_wconf 82' lang='lat' dir='ltr'><strong>essentia</strong></span> <span class='ocrx_word' id='word_1_228' title='bbox 3204 1571 3254 1616; x_wconf 89' lang='lat' dir='ltr'><strong>et</strong></span> <span class='ocrx_word' id='word_1_229' title='bbox 3295 1561 3476 1629; x_wconf 84' lang='lat' dir='ltr'><strong>quali-</strong></span> 
     </span>
    </p>
   </div>
   <div class='ocr_carea' id='block_1_33' title="bbox 1879 1655 3479 1732">
    <p class='ocr_par' dir='ltr' id='par_1_33' title="bbox 1879 1655 3479 1732">
     <span class='ocr_line' id='line_1_34' title="bbox 1879 1655 3479 1732; baseline -0.008 -14"><span class='ocrx_word' id='word_1_230' title='bbox 1879 1674 2012 1719; x_wconf 86' lang='lat' dir='ltr'><strong>tate.</strong></span> <span class='ocrx_word' id='word_1_231' title='bbox 2071 1665 2141 1718; x_wconf 84' lang='lat' dir='ltr'><strong>Et</strong></span> <span class='ocrx_word' id='word_1_232' title='bbox 2195 1672 2463 1732; x_wconf 73' lang='lat' dir='ltr'><strong>prazterea</strong></span> <span class='ocrx_word' id='word_1_233' title='bbox 2512 1660 2816 1730; x_wconf 74' lang='lat' dir='ltr'><strong>Gregorius</strong></span> <span class='ocrx_word' id='word_1_234' title='bbox 2871 1657 3156 1728; x_wconf 77' lang='lat' dir='ltr'><strong>Nyssenus</strong></span> <span class='ocrx_word' id='word_1_235' title='bbox 3208 1655 3344 1708; x_wconf 86' lang='lat' dir='ltr'><strong>dicit</strong></span> <span class='ocrx_word' id='word_1_236' title='bbox 3393 1670 3479 1706; x_wconf 91' lang='lat' dir='ltr'><strong>re-</strong></span> 
     </span>
    </p>
   </div>
   <div class='ocr_carea' id='block_1_34' title="bbox 1878 1749 3480 1825">
    <p class='ocr_par' dir='ltr' id='par_1_34' title="bbox 1878 1749 3480 1825">
     <span class='ocr_line' id='line_1_35' title="bbox 1878 1749 3480 1825; baseline -0.009 -17"><span class='ocrx_word' id='word_1_237' title='bbox 1878 1770 2012 1809; x_wconf 87' lang='lat' dir='ltr'><strong>vera</strong></span> <span class='ocrx_word' id='word_1_238' title='bbox 2048 1754 2384 1825; x_wconf 82' lang='lat' dir='ltr'><strong>sapientiam</strong></span> <span class='ocrx_word' id='word_1_239' title='bbox 2423 1763 2476 1805; x_wconf 88' lang='lat' dir='ltr'><strong>et</strong></span> <span class='ocrx_word' id='word_1_240' title='bbox 2507 1752 2847 1805; x_wconf 82' lang='lat' dir='ltr'><strong>voluntatem</strong></span> <span class='ocrx_word' id='word_1_241' title='bbox 2885 1749 3022 1802; x_wconf 84' lang='lat' dir='ltr'><strong>nihil</strong></span> <span class='ocrx_word' id='word_1_242' title='bbox 3048 1762 3172 1803; x_wconf 86' lang='lat' dir='ltr'><strong>esse</strong></span> <span class='ocrx_word' id='word_1_243' title='bbox 3201 1761 3364 1815; x_wconf 87' lang='lat' dir='ltr'><strong>quam</strong></span> <span class='ocrx_word' id='word_1_244' title='bbox 3391 1761 3480 1796; x_wconf 86' lang='lat' dir='ltr'><strong>sa-</strong></span> 
     </span>
    </p>
   </div>
   <div class='ocr_carea' id='block_1_35' title="bbox 171 1839 1785 1933">
    <p class='ocr_par' dir='ltr' id='par_1_35' title="bbox 171 1851 1770 1933">
     <span class='ocr_line' id='line_1_36' title="bbox 171 1851 1770 1933; baseline -0.005 -19"><span class='ocrx_word' id='word_1_245' title='bbox 171 1862 482 1933; x_wconf 76' lang='grc' dir='ltr'>Γρηγόριος</span> <span class='ocrx_word' id='word_1_246' title='bbox 507 1862 676 1923; x_wconf 72' lang='grc' dir='ltr'>ὅντως</span> <span class='ocrx_word' id='word_1_247' title='bbox 699 1861 890 1928; x_wconf 81' lang='grc' dir='ltr'>σοφίαν</span> <span class='ocrx_word' id='word_1_248' title='bbox 911 1859 1004 1912; x_wconf 74' lang='grc' dir='ltr'><strong>καὶ</strong></span> <span class='ocrx_word' id='word_1_249' title='bbox 1024 1857 1220 1928; x_wconf 79' lang='grc' dir='ltr'>βουλὴν</span> <span class='ocrx_word' id='word_1_250' title='bbox 1237 1856 1392 1910; x_wconf 75' lang='grc' dir='ltr'>οὐδὲν</span> <span class='ocrx_word' id='word_1_251' title='bbox 1415 1857 1602 1926; x_wconf 70' lang='grc' dir='ltr'>ἕτερον</span> <span class='ocrx_word' id='word_1_252' title='bbox 1627 1851 1770 1908; x_wconf 79' lang='grc' dir='ltr'>εἶναι</span> 
     </span>
    </p>
   </div>
   <div class='ocr_carea' id='block_1_36' title="bbox 1890 1839 3476 1933">
    <p class='ocr_par' dir='ltr' id='par_1_36' title="bbox 1890 1839 3476 1916">
     <span class='ocr_line' id='line_1_37' title="bbox 1890 1839 3476 1916; baseline -0.008 -16"><span class='ocrx_word' id='word_1_253' title='bbox 1890 1847 2164 1916; x_wconf 75' lang='grc' dir='ltr'>)ἱειιῑίιιιιι,</span> <span class='ocrx_word' id='word_1_254' title='bbox 2197 1847 2250 1900; x_wconf 92' lang='lat' dir='ltr'><strong>in</strong></span> <span class='ocrx_word' id='word_1_255' title='bbox 2284 1849 2604 1898; x_wconf 80' lang='lat' dir='ltr'><strong>universum</strong></span> <span class='ocrx_word' id='word_1_256' title='bbox 2635 1841 3094 1911; x_wconf 64' lang='lat' dir='ltr'><strong>prmmeditatatn,</strong></span> <span class='ocrx_word' id='word_1_257' title='bbox 3125 1839 3180 1892; x_wconf 92' lang='lat' dir='ltr'><strong>in</strong></span> <span class='ocrx_word' id='word_1_258' title='bbox 3216 1854 3322 1907; x_wconf 87' lang='lat' dir='ltr'><strong>qua</strong></span> <span class='ocrx_word' id='word_1_259' title='bbox 3350 1839 3476 1889; x_wconf 86' lang='lat' dir='ltr'><strong>uni-</strong></span> 
     </span>
    </p>
   </div>
   <div class='ocr_carea' id='block_1_37' title="bbox 174 1949 1776 2022">
    <p class='ocr_par' dir='ltr' id='par_1_37' title="bbox 174 1949 1776 2022">
     <span class='ocr_line' id='line_1_38' title="bbox 174 1949 1776 2022; baseline -0.003 -16"><span class='ocrx_word' id='word_1_260' title='bbox 174 1956 330 2022; x_wconf 74' lang='grc' dir='ltr'>λέγει</span> <span class='ocrx_word' id='word_1_261' title='bbox 363 1956 512 2016; x_wconf 76' lang='grc' dir='ltr'>πλὴν</span> <span class='ocrx_word' id='word_1_262' title='bbox 542 1955 642 2022; x_wconf 82' lang='grc' dir='ltr'>τῆς</span> <span class='ocrx_word' id='word_1_263' title='bbox 663 1952 760 2006; x_wconf 80' lang='grc' dir='ltr'><strong>τοῦ</strong></span> <span class='ocrx_word' id='word_1_264' title='bbox 789 1953 988 2015; x_wconf 73' lang='grc' dir='ltr'>παντὸς</span> <span class='ocrx_word' id='word_1_265' title='bbox 1015 1950 1527 2020; x_wconf 79' lang='grc' dir='ltr'>προεπινοουμὲνης</span> <span class='ocrx_word' id='word_1_266' title='bbox 1561 1949 1776 2018; x_wconf 78' lang='grc' dir='ltr'><strong>σοφίας,</strong></span> 
     </span>
    </p>
   </div>
   <div class='ocr_carea' id='block_1_38' title="bbox 176 2037 1778 2114">
    <p class='ocr_par' dir='ltr' id='par_1_38' title="bbox 176 2037 1778 2114">
     <span class='ocr_line' id='line_1_39' title="bbox 176 2037 1778 2114; baseline -0.004 -18"><span class='ocrx_word' id='word_1_267' title='bbox 176 2045 234 2096; x_wconf 77' lang='grc' dir='ltr'><strong>ἐν</strong></span> <span class='ocrx_word' id='word_1_268' title='bbox 320 2044 392 2095; x_wconf 70' lang='grc' dir='ltr'><strong>τὰ</strong></span> <span class='ocrx_word' id='word_1_269' title='bbox 427 2043 612 2096; x_wconf 79' lang='grc' dir='ltr'>πάντα</span> <span class='ocrx_word' id='word_1_270' title='bbox 636 2042 857 2111; x_wconf 73' lang='grc' dir='ltr'>ἐγένετο</span> <span class='ocrx_word' id='word_1_271' title='bbox 889 2042 982 2093; x_wconf 72' lang='grc' dir='ltr'>καὶ</span> <span class='ocrx_word' id='word_1_272' title='bbox 1010 2037 1371 2108; x_wconf 83' lang='grc' dir='ltr'>διεκοσμήθη·</span> <span class='ocrx_word' id='word_1_273' title='bbox 1402 2039 1640 2106; x_wconf 80' lang='grc' dir='ltr'>Χριστὸς</span> <span class='ocrx_word' id='word_1_274' title='bbox 1667 2037 1778 2107; x_wconf 84' lang='grc' dir='ltr'><strong>γὰρ</strong></span> 
     </span>
    </p>
   </div>
   <div class='ocr_carea' id='block_1_39' title="bbox 175 2124 1781 2198">
    <p class='ocr_par' dir='ltr' id='par_1_39' title="bbox 175 2124 1781 2198">
     <span class='ocr_line' id='line_1_40' title="bbox 175 2124 1781 2198; baseline -0.004 -15"><span class='ocrx_word' id='word_1_275' title='bbox 175 2129 316 2183; x_wconf 73' lang='grc' dir='ltr'>θεοῦ</span> <span class='ocrx_word' id='word_1_276' title='bbox 350 2129 588 2198; x_wconf 83' lang='grc' dir='ltr'>δύναμις</span> <span class='ocrx_word' id='word_1_277' title='bbox 631 2129 725 2181; x_wconf 69' lang='grc' dir='ltr'><strong>καὶ</strong></span> <span class='ocrx_word' id='word_1_278' title='bbox 757 2124 893 2179; x_wconf 77' lang='grc' dir='ltr'>Θεοῦ</span> <span class='ocrx_word' id='word_1_279' title='bbox 948 2128 1136 2196; x_wconf 79' lang='grc' dir='ltr'>σοφία.</span> <span class='ocrx_word' id='word_1_280' title='bbox 1176 2127 1285 2179; x_wconf 72' lang='grc' dir='ltr'><strong>Καὶ</strong></span> <span class='ocrx_word' id='word_1_281' title='bbox 1313 2125 1474 2178; x_wconf 85' lang='grc' dir='ltr'>τοῦτο</span> <span class='ocrx_word' id='word_1_282' title='bbox 1513 2127 1612 2194; x_wconf 81' lang='grc' dir='ltr'><strong>μὲν</strong></span> <span class='ocrx_word' id='word_1_283' title='bbox 1650 2128 1781 2196; x_wconf 81' lang='grc' dir='ltr'><strong>περὶ</strong></span> 
     </span>
    </p>
   </div>
   <div class='ocr_carea' id='block_1_40' title="bbox 174 2219 1780 2290">
    <p class='ocr_par' dir='ltr' id='par_1_40' title="bbox 174 2219 1780 2290">
     <span class='ocr_line' id='line_1_41' title="bbox 174 2219 1780 2290; baseline -0.002 -14"><span class='ocrx_word' id='word_1_284' title='bbox 174 2222 272 2276; x_wconf 87' lang='grc' dir='ltr'><strong>τοῦ</strong></span> <span class='ocrx_word' id='word_1_285' title='bbox 326 2222 536 2276; x_wconf 78' lang='grc' dir='ltr'>ταυτὸν</span> <span class='ocrx_word' id='word_1_286' title='bbox 591 2219 736 2274; x_wconf 77' lang='grc' dir='ltr'>εἶναι</span> <span class='ocrx_word' id='word_1_287' title='bbox 791 2221 934 2274; x_wconf 72' lang='grc' dir='ltr'>κατὰ</span> <span class='ocrx_word' id='word_1_288' title='bbox 987 2221 1050 2274; x_wconf 78' lang='grc' dir='ltr'>τὸ</span> <span class='ocrx_word' id='word_1_289' title='bbox 1098 2221 1510 2290; x_wconf 80' lang='grc' dir='ltr'>σημαινόμενον</span> <span class='ocrx_word' id='word_1_290' title='bbox 1565 2221 1780 2286; x_wconf 79' lang='grc' dir='ltr'>οὐσίαν,</span> 
     </span>
    </p>
   </div>
   <div class='ocr_carea' id='block_1_41' title="bbox 175 2309 1785 2384">
    <p class='ocr_par' dir='ltr' id='par_1_41' title="bbox 175 2309 1785 2384">
     <span class='ocr_line' id='line_1_42' title="bbox 175 2309 1785 2384; baseline -0.002 -16"><span class='ocrx_word' id='word_1_291' title='bbox 175 2316 420 2382; x_wconf 82' lang='grc' dir='ltr'>δύναμιν</span> <span class='ocrx_word' id='word_1_292' title='bbox 457 2317 551 2368; x_wconf 77' lang='grc' dir='ltr'><strong>καὶ</strong></span> <span class='ocrx_word' id='word_1_293' title='bbox 585 2315 976 2384; x_wconf 70' lang='grc' dir='ltr'>βούλησιν“καὶ</span> <span class='ocrx_word' id='word_1_294' title='bbox 1011 2317 1226 2381; x_wconf 74' lang='grc' dir='ltr'>σοφίαν.</span> <span class='ocrx_word' id='word_1_295' title='bbox 1291 2315 1377 2366; x_wconf 83' lang='grc' dir='ltr'>Ἐν</span> <span class='ocrx_word' id='word_1_296' title='bbox 1414 2309 1600 2377; x_wconf 77' lang='grc' dir='ltr'>ἄλλοις</span> <span class='ocrx_word' id='word_1_297' title='bbox 1625 2313 1669 2364; x_wconf 83' lang='grc' dir='ltr'><strong>δ’</strong></span> <span class='ocrx_word' id='word_1_298' title='bbox 1693 2314 1785 2365; x_wconf 84' lang='grc' dir='ltr'>εὐ-</span> 
     </span>
    </p>
   </div>
   <div class='ocr_carea' id='block_1_42' title="bbox 180 2402 1781 2473">
    <p class='ocr_par' dir='ltr' id='par_1_42' title="bbox 180 2402 1781 2473">
     <span class='ocr_line' id='line_1_43' title="bbox 180 2402 1781 2473; baseline 0.001 -20"><span class='ocrx_word' id='word_1_299' title='bbox 180 2403 438 2472; x_wconf 80' lang='grc' dir='ltr'>ρίσκεται</span> <span class='ocrx_word' id='word_1_300' title='bbox 487 2404 666 2470; x_wconf 71' lang='grc' dir='ltr'>λέγων</span> <span class='ocrx_word' id='word_1_301' title='bbox 697 2407 724 2456; x_wconf 88' lang='grc' dir='ltr'>ὁ</span> <span class='ocrx_word' id='word_1_302' title='bbox 761 2404 906 2466; x_wconf 84' lang='grc' dir='ltr'>θεῖος</span> <span class='ocrx_word' id='word_1_303' title='bbox 960 2402 1219 2472; x_wconf 70' lang='grc' dir='ltr'>Μάξιμος</span> <span class='ocrx_word' id='word_1_304' title='bbox 1256 2403 1332 2467; x_wconf 85' lang='grc' dir='ltr'><strong>ὡς</strong></span> <span class='ocrx_word' id='word_1_305' title='bbox 1363 2405 1394 2473; x_wconf 84' lang='grc' dir='ltr'>ἡ</span> <span class='ocrx_word' id='word_1_306' title='bbox 1425 2404 1650 2472; x_wconf 80' lang='grc' dir='ltr'>θέλησις</span> <span class='ocrx_word' id='word_1_307' title='bbox 1686 2406 1781 2457; x_wconf 80' lang='grc' dir='ltr'><strong>καὶ</strong></span> 
     </span>
    </p>
   </div>
   <div class='ocr_carea' id='block_1_43' title="bbox 179 2491 1784 2562">
    <p class='ocr_par' dir='ltr' id='par_1_43' title="bbox 179 2491 1784 2562">
     <span class='ocr_line' id='line_1_44' title="bbox 179 2491 1784 2562; baseline 0 -17"><span class='ocrx_word' id='word_1_308' title='bbox 179 2493 212 2558; x_wconf 81' lang='grc' dir='ltr'><strong>ἡ</strong></span> <span class='ocrx_word' id='word_1_309' title='bbox 239 2492 509 2561; x_wconf 76' lang='grc' dir='ltr'>βούλησις</span> <span class='ocrx_word' id='word_1_310' title='bbox 549 2493 649 2544; x_wconf 88' lang='grc' dir='ltr'><strong>οὐκ</strong></span> <span class='ocrx_word' id='word_1_311' title='bbox 681 2493 797 2544; x_wconf 78' lang='grc' dir='ltr'>ἐστι</span> <span class='ocrx_word' id='word_1_312' title='bbox 828 2494 1030 2544; x_wconf 70' lang='grc' dir='ltr'>ταυτὸν</span> <span class='ocrx_word' id='word_1_313' title='bbox 1061 2495 1126 2562; x_wconf 82' lang='grc' dir='ltr'>τῇ</span> <span class='ocrx_word' id='word_1_314' title='bbox 1159 2493 1322 2562; x_wconf 77' lang='grc' dir='ltr'>οὐσίᾳ</span> <span class='ocrx_word' id='word_1_315' title='bbox 1349 2491 1445 2544; x_wconf 85' lang='grc' dir='ltr'><strong>τοῦ</strong></span> <span class='ocrx_word' id='word_1_316' title='bbox 1473 2493 1632 2545; x_wconf 80' lang='grc' dir='ltr'>Θεοῦ.</span> <span class='ocrx_word' id='word_1_317' title='bbox 1675 2510 1693 2543; x_wconf 75' lang='grc' dir='ltr'><strong>ι</strong></span> <span class='ocrx_word' id='word_1_318' title='bbox 1717 2491 1784 2545; x_wconf 82' lang='grc' dir='ltr'><strong>Ἦ</strong></span> 
     </span>
    </p>
   </div>
   <div class='ocr_carea' id='block_1_44' title="bbox 184 2569 1786 2656">
    <p class='ocr_par' dir='ltr' id='par_1_44' title="bbox 184 2569 1786 2656">
     <span class='ocr_line' id='line_1_45' title="bbox 184 2569 1786 2656; baseline 0.001 -19"><span class='ocrx_word' id='word_1_319' title='bbox 184 2585 286 2652; x_wconf 78' lang='grc' dir='ltr'><strong>μὲν</strong></span> <span class='ocrx_word' id='word_1_320' title='bbox 318 2587 430 2655; x_wconf 75' lang='grc' dir='ltr'>γὰρ</span> <span class='ocrx_word' id='word_1_321' title='bbox 463 2583 688 2654; x_wconf 79' lang='grc' dir='ltr'>θέλησις</span> <span class='ocrx_word' id='word_1_322' title='bbox 726 2587 822 2640; x_wconf 75' lang='grc' dir='ltr'><strong>καὶ</strong></span> <span class='ocrx_word' id='word_1_323' title='bbox 851 2585 1080 2655; x_wconf 75' lang='grc' dir='ltr'>ἄρχεται</span> <span class='ocrx_word' id='word_1_324' title='bbox 1110 2589 1206 2638; x_wconf 77' lang='grc' dir='ltr'>καὶ</span> <span class='ocrx_word' id='word_1_325' title='bbox 1238 2569 1510 2640; x_wconf 82' lang='grc' dir='ltr'>παύεται·</span> <span class='ocrx_word' id='word_1_326' title='bbox 1547 2588 1581 2656; x_wconf 80' lang='grc' dir='ltr'>ἡ</span> <span class='ocrx_word' id='word_1_327' title='bbox 1607 2586 1664 2639; x_wconf 82' lang='grc' dir='ltr'><strong>δέ</strong></span> <span class='ocrx_word' id='word_1_328' title='bbox 1690 2587 1786 2639; x_wconf 85' lang='grc' dir='ltr'>ού-</span> 
     </span>
    </p>
   </div>
   <div class='ocr_carea' id='block_1_45' title="bbox 181 2670 1786 2745">
    <p class='ocr_par' dir='ltr' id='par_1_45' title="bbox 181 2670 1786 2745">
     <span class='ocr_line' id='line_1_46' title="bbox 181 2670 1786 2745; baseline 0.003 -23"><span class='ocrx_word' id='word_1_329' title='bbox 181 2670 278 2723; x_wconf 80' lang='grc' dir='ltr'><strong>σία</strong></span> <span class='ocrx_word' id='word_1_330' title='bbox 299 2670 429 2725; x_wconf 76' lang='grc' dir='ltr'>οὔτε</span> <span class='ocrx_word' id='word_1_331' title='bbox 471 2671 705 2743; x_wconf 83' lang='grc' dir='ltr'>ἄρχεται</span> <span class='ocrx_word' id='word_1_332' title='bbox 733 2670 858 2725; x_wconf 76' lang='grc' dir='ltr'>οὔτε</span> <span class='ocrx_word' id='word_1_333' title='bbox 885 2672 1144 2726; x_wconf 87' lang='grc' dir='ltr'>παύεται.</span> <span class='ocrx_word' id='word_1_334' title='bbox 1182 2671 1256 2725; x_wconf 83' lang='grc' dir='ltr'>Τὸ</span> <span class='ocrx_word' id='word_1_335' title='bbox 1284 2673 1329 2726; x_wconf 80' lang='grc' dir='ltr'><strong>δ’</strong></span> <span class='ocrx_word' id='word_1_336' title='bbox 1355 2673 1662 2745; x_wconf 82' lang='grc' dir='ltr'>ἀρχόμενον</span> <span class='ocrx_word' id='word_1_337' title='bbox 1690 2674 1786 2728; x_wconf 76' lang='grc' dir='ltr'><strong>καὶ</strong></span> 
     </span>
    </p>
   </div>
   <div class='ocr_carea' id='block_1_46' title="bbox 179 2765 1788 2838">
    <p class='ocr_par' dir='ltr' id='par_1_46' title="bbox 179 2765 1788 2838">
     <span class='ocr_line' id='line_1_47' title="bbox 179 2765 1788 2838; baseline -0.001 -20"><span class='ocrx_word' id='word_1_338' title='bbox 179 2766 506 2834; x_wconf 83' lang='grc' dir='ltr'>παυόμενον</span> <span class='ocrx_word' id='word_1_339' title='bbox 552 2765 629 2836; x_wconf 83' lang='grc' dir='ltr'>τῷ</span> <span class='ocrx_word' id='word_1_340' title='bbox 679 2767 820 2834; x_wconf 80' lang='grc' dir='ltr'>μήτε</span> <span class='ocrx_word' id='word_1_341' title='bbox 871 2767 1168 2838; x_wconf 76' lang='grc' dir='ltr'>ἀρχομένῳ</span> <span class='ocrx_word' id='word_1_342' title='bbox 1215 2767 1354 2837; x_wconf 87' lang='grc' dir='ltr'>μήτε</span> <span class='ocrx_word' id='word_1_343' title='bbox 1401 2769 1700 2837; x_wconf 79' lang='grc' dir='ltr'>παυομένῳ</span> <span class='ocrx_word' id='word_1_344' title='bbox 1729 2767 1788 2818; x_wconf 70' lang='grc' dir='ltr'>τὸ</span> 
     </span>
    </p>
   </div>
   <div class='ocr_carea' id='block_1_47' title="bbox 180 2854 1789 2932">
    <p class='ocr_par' dir='ltr' id='par_1_47' title="bbox 180 2854 1789 2932">
     <span class='ocr_line' id='line_1_48' title="bbox 180 2854 1789 2932; baseline -0.001 -18"><span class='ocrx_word' id='word_1_345' title='bbox 180 2859 322 2914; x_wconf 71' lang='grc' dir='ltr'>αὐτὸ</span> <span class='ocrx_word' id='word_1_346' title='bbox 355 2854 504 2912; x_wconf 72' lang='grc' dir='ltr'>εἶναι</span> <span class='ocrx_word' id='word_1_347' title='bbox 549 2859 612 2911; x_wconf 85' lang='grc' dir='ltr'><strong>οὐ</strong></span> <span class='ocrx_word' id='word_1_348' title='bbox 648 2859 896 2912; x_wconf 82' lang='grc' dir='ltr'>δύναται.</span> <span class='ocrx_word' id='word_1_349' title='bbox 941 2860 1002 2913; x_wconf 82' lang='grc' dir='ltr'><strong>Εἰ</strong></span> <span class='ocrx_word' id='word_1_350' title='bbox 1053 2860 1164 2930; x_wconf 77' lang='grc' dir='ltr'>γὰρ</span> <span class='ocrx_word' id='word_1_351' title='bbox 1200 2863 1397 2914; x_wconf 81' lang='grc' dir='ltr'>ταυτὸν</span> <span class='ocrx_word' id='word_1_352' title='bbox 1421 2856 1491 2932; x_wconf 80' lang='grc' dir='ltr'>ἦν</span> <span class='ocrx_word' id='word_1_353' title='bbox 1520 2864 1588 2932; x_wconf 82' lang='grc' dir='ltr'>τῇ</span> <span class='ocrx_word' id='word_1_354' title='bbox 1627 2862 1789 2930; x_wconf 86' lang='grc' dir='ltr'>οὐσίᾳ</span> 
     </span>
    </p>
   </div>
   <div class='ocr_carea' id='block_1_48' title="bbox 178 2947 1790 3024">
    <p class='ocr_par' dir='ltr' id='par_1_48' title="bbox 178 2947 1790 3024">
     <span class='ocr_line' id='line_1_49' title="bbox 178 2947 1790 3024; baseline 0.001 -20"><span class='ocrx_word' id='word_1_355' title='bbox 178 2953 280 3006; x_wconf 86' lang='grc' dir='ltr'><strong>τοῦ</strong></span> <span class='ocrx_word' id='word_1_356' title='bbox 315 2947 456 3006; x_wconf 83' lang='grc' dir='ltr'>Θεοῦ</span> <span class='ocrx_word' id='word_1_357' title='bbox 491 2953 521 3020; x_wconf 86' lang='grc' dir='ltr'>ἠ</span> <span class='ocrx_word' id='word_1_358' title='bbox 562 2951 852 3022; x_wconf 71' lang='grc' dir='ltr'>βούλησις,</span> <span class='ocrx_word' id='word_1_359' title='bbox 883 2953 1052 3022; x_wconf 78' lang='grc' dir='ltr'>ἐχρῆν</span> <span class='ocrx_word' id='word_1_360' title='bbox 1083 2954 1218 3022; x_wconf 83' lang='grc' dir='ltr'>μιᾶς</span> <span class='ocrx_word' id='word_1_361' title='bbox 1249 2953 1417 3024; x_wconf 75' lang='grc' dir='ltr'>οὔσης</span> <span class='ocrx_word' id='word_1_362' title='bbox 1456 2955 1556 3023; x_wconf 83' lang='grc' dir='ltr'>τῆς</span> <span class='ocrx_word' id='word_1_363' title='bbox 1599 2953 1790 3017; x_wconf 84' lang='grc' dir='ltr'>οὐσίας</span> 
     </span>
    </p>
   </div>
   <div class='ocr_carea' id='block_1_49' title="bbox 188 3040 1781 3116">
    <p class='ocr_par' dir='ltr' id='par_1_49' title="bbox 188 3040 1781 3116">
     <span class='ocr_line' id='line_1_50' title="bbox 188 3040 1781 3116; baseline -0.001 -18"><span class='ocrx_word' id='word_1_364' title='bbox 188 3049 323 3116; x_wconf 76' lang='grc' dir='ltr'>μίαν</span> <span class='ocrx_word' id='word_1_365' title='bbox 353 3040 496 3098; x_wconf 73' lang='grc' dir='ltr'>εἶναι</span> <span class='ocrx_word' id='word_1_366' title='bbox 519 3045 616 3098; x_wconf 73' lang='grc' dir='ltr'><strong>καὶ</strong></span> <span class='ocrx_word' id='word_1_367' title='bbox 633 3043 735 3114; x_wconf 83' lang='grc' dir='ltr'><strong>τὴν</strong></span> <span class='ocrx_word' id='word_1_368' title='bbox 760 3045 1002 3114; x_wconf 79' lang='grc' dir='ltr'>θέλησιν.</span> <span class='ocrx_word' id='word_1_369' title='bbox 1022 3044 1162 3097; x_wconf 78' lang='grc' dir='ltr'><strong>Ἀλλ’</strong></span> <span class='ocrx_word' id='word_1_370' title='bbox 1192 3046 1225 3114; x_wconf 80' lang='grc' dir='ltr'><strong>ἡ</strong></span> <span class='ocrx_word' id='word_1_371' title='bbox 1249 3045 1462 3114; x_wconf 78' lang='grc' dir='ltr'>Γραφή,</span> <span class='ocrx_word' id='word_1_372' title='bbox 1493 3064 1512 3096; x_wconf 76' lang='grc' dir='ltr'><strong>ι</strong></span> <span class='ocrx_word' id='word_1_373' title='bbox 1543 3047 1781 3109; x_wconf 73' lang='grc' dir='ltr'>Πάντα.»</span> 
     </span>
    </p>
   </div>
   <div class='ocr_carea' id='block_1_50' title="bbox 187 3137 1788 3211">
    <p class='ocr_par' dir='ltr' id='par_1_50' title="bbox 187 3137 1788 3211">
     <span class='ocr_line' id='line_1_51' title="bbox 187 3137 1788 3211; baseline -0.002 -17"><span class='ocrx_word' id='word_1_374' title='bbox 187 3142 383 3211; x_wconf 70' lang='grc' dir='ltr'>φησιν,</span> <span class='ocrx_word' id='word_1_375' title='bbox 421 3157 440 3190; x_wconf 72' lang='grc' dir='ltr'><strong>ι</strong></span> <span class='ocrx_word' id='word_1_376' title='bbox 468 3140 569 3192; x_wconf 85' lang='grc' dir='ltr'><strong>ὅσα</strong></span> <span class='ocrx_word' id='word_1_377' title='bbox 595 3139 883 3208; x_wconf 69' lang='grc' dir='ltr'>ἠθέλησεν.</span> <span class='ocrx_word' id='word_1_378' title='bbox 917 3137 1165 3209; x_wconf 84' lang='grc' dir='ltr'>ἐποίησε.</span> <span class='ocrx_word' id='word_1_379' title='bbox 1199 3138 1380 3190; x_wconf 84' lang='grc' dir='ltr'>Πολλὰ</span> <span class='ocrx_word' id='word_1_380' title='bbox 1411 3137 1506 3191; x_wconf 80' lang='grc' dir='ltr'><strong>οῦν</strong></span> <span class='ocrx_word' id='word_1_381' title='bbox 1549 3137 1788 3208; x_wconf 69' lang='grc' dir='ltr'>ἠθέλησε</span> 
     </span>
    </p>
   </div>
   <div class='ocr_carea' id='block_1_51' title="bbox 187 3232 1785 3303">
    <p class='ocr_par' dir='ltr' id='par_1_51' title="bbox 187 3232 1785 3303">
     <span class='ocr_line' id='line_1_52' title="bbox 187 3232 1785 3303; baseline 0 -15"><span class='ocrx_word' id='word_1_382' title='bbox 187 3237 284 3288; x_wconf 74' lang='grc' dir='ltr'><strong>καὶ</strong></span> <span class='ocrx_word' id='word_1_383' title='bbox 327 3234 432 3303; x_wconf 81' lang='grc' dir='ltr'>οὐχ</span> <span class='ocrx_word' id='word_1_384' title='bbox 481 3233 562 3287; x_wconf 77' lang='grc' dir='ltr'>ἓν.</span> <span class='ocrx_word' id='word_1_385' title='bbox 596 3252 615 3285; x_wconf 76' lang='grc' dir='ltr'><strong>ι</strong></span> <span class='ocrx_word' id='word_1_386' title='bbox 657 3234 768 3286; x_wconf 78' lang='grc' dir='ltr'>Καὶ</span> <span class='ocrx_word' id='word_1_387' title='bbox 811 3232 1016 3302; x_wconf 82' lang='grc' dir='ltr'>ὁμοίως</span> <span class='ocrx_word' id='word_1_388' title='bbox 1064 3233 1092 3284; x_wconf 83' lang='grc' dir='ltr'><strong>ό</strong></span> <span class='ocrx_word' id='word_1_389' title='bbox 1138 3233 1283 3296; x_wconf 80' lang='grc' dir='ltr'>Θεῖος</span> <span class='ocrx_word' id='word_1_390' title='bbox 1315 3232 1608 3303; x_wconf 82' lang='grc' dir='ltr'>Κύριλλος,</span> <span class='ocrx_word' id='word_1_391' title='bbox 1646 3251 1665 3284; x_wconf 78' lang='grc' dir='ltr'><strong>ι</strong></span> <span class='ocrx_word' id='word_1_392' title='bbox 1721 3233 1785 3288; x_wconf 87' lang='grc' dir='ltr'><strong>Ἦ</strong></span> 
     </span>
    </p>
   </div>
   <div class='ocr_carea' id='block_1_52' title="bbox 186 3325 1788 3397">
    <p class='ocr_par' dir='ltr' id='par_1_52' title="bbox 186 3325 1788 3397">
     <span class='ocr_line' id='line_1_53' title="bbox 186 3325 1788 3397; baseline -0.002 -15"><span class='ocrx_word' id='word_1_393' title='bbox 186 3329 366 3393; x_wconf 68' lang='grc' dir='ltr'>ἐνδς,»</span> <span class='ocrx_word' id='word_1_394' title='bbox 395 3329 552 3397; x_wconf 77' lang='grc' dir='ltr'>φησὶ,</span> <span class='ocrx_word' id='word_1_395' title='bbox 577 3344 596 3377; x_wconf 78' lang='grc' dir='ltr'><strong>ι</strong></span> <span class='ocrx_word' id='word_1_396' title='bbox 616 3326 724 3379; x_wconf 86' lang='grc' dir='ltr'>τῶν</span> <span class='ocrx_word' id='word_1_397' title='bbox 752 3325 1186 3396; x_wconf 73' lang='grc' dir='ltr'>ὠνομασμένων,</span> <span class='ocrx_word' id='word_1_398' title='bbox 1216 3326 1455 3396; x_wconf 75' lang='grc' dir='ltr'>Πατρός,</span> <span class='ocrx_word' id='word_1_399' title='bbox 1489 3326 1656 3394; x_wconf 81' lang='grc' dir='ltr'>λέγω,</span> <span class='ocrx_word' id='word_1_400' title='bbox 1690 3329 1788 3379; x_wconf 76' lang='grc' dir='ltr'>καὶ</span> 
     </span>
    </p>
   </div>
   <div class='ocr_carea' id='block_1_53' title="bbox 190 3419 1782 3491">
    <p class='ocr_par' dir='ltr' id='par_1_53' title="bbox 190 3419 1782 3491">
     <span class='ocr_line' id='line_1_54' title="bbox 190 3419 1782 3491; baseline -0.001 -18"><span class='ocrx_word' id='word_1_401' title='bbox 190 3419 326 3476; x_wconf 84' lang='grc' dir='ltr'>Υίοῦ</span> <span class='ocrx_word' id='word_1_402' title='bbox 372 3423 469 3473; x_wconf 81' lang='grc' dir='ltr'>καὶ</span> <span class='ocrx_word' id='word_1_403' title='bbox 508 3421 669 3487; x_wconf 79' lang='grc' dir='ltr'>ἁγίου</span> <span class='ocrx_word' id='word_1_404' title='bbox 713 3419 1059 3490; x_wconf 74' lang='grc' dir='ltr'>Πνεύματος,</span> <span class='ocrx_word' id='word_1_405' title='bbox 1105 3419 1484 3491; x_wconf 76' lang='grc' dir='ltr'>δημιουργικὴ</span> <span class='ocrx_word' id='word_1_406' title='bbox 1534 3419 1782 3490; x_wconf 77' lang='grc' dir='ltr'>θέλησις,</span> 
     </span>
    </p>
   </div>
   <div class='ocr_carea' id='block_1_54' title="bbox 191 3511 1790 3583">
    <p class='ocr_par' dir='ltr' id='par_1_54' title="bbox 191 3511 1790 3583">
     <span class='ocr_line' id='line_1_55' title="bbox 191 3511 1790 3583; baseline 0.001 -17"><span class='ocrx_word' id='word_1_407' title='bbox 191 3514 279 3582; x_wconf 76' lang='grc' dir='ltr'><strong>ἐφ’</strong></span> <span class='ocrx_word' id='word_1_408' title='bbox 304 3515 525 3582; x_wconf 77' lang='grc' dir='ltr'>ὅτῳπερ</span> <span class='ocrx_word' id='word_1_409' title='bbox 555 3511 894 3580; x_wconf 41' lang='grc' dir='ltr'>ἂνλλὲγοιτο</span> <span class='ocrx_word' id='word_1_410' title='bbox 943 3511 1207 3581; x_wconf 80' lang='grc' dir='ltr'>γενέσθαι</span> <span class='ocrx_word' id='word_1_411' title='bbox 1265 3511 1451 3582; x_wconf 81' lang='grc' dir='ltr'>τυχὸν,</span> <span class='ocrx_word' id='word_1_412' title='bbox 1497 3511 1790 3583; x_wconf 80' lang='grc' dir='ltr'><strong>ἐνέργημα</strong></span> 
     </span>
    </p>
   </div>
   <div class='ocr_carea' id='block_1_55' title="bbox 200 3601 1788 3674">
    <p class='ocr_par' dir='ltr' id='par_1_55' title="bbox 200 3601 1788 3674">
     <span class='ocr_line' id='line_1_56' title="bbox 200 3601 1788 3674; baseline 0.001 -19"><span class='ocrx_word' id='word_1_413' title='bbox 200 3602 301 3674; x_wconf 82' lang='grc' dir='ltr'>μὲν</span> <span class='ocrx_word' id='word_1_414' title='bbox 330 3601 502 3655; x_wconf 85' lang='grc' dir='ltr'>αὐτοῦ</span> <span class='ocrx_word' id='word_1_415' title='bbox 533 3603 672 3654; x_wconf 83' lang='grc' dir='ltr'>ἐστι·</span> <span class='ocrx_word' id='word_1_416' title='bbox 706 3601 848 3670; x_wconf 76' lang='grc' dir='ltr'>πλὴν</span> <span class='ocrx_word' id='word_1_417' title='bbox 874 3601 963 3654; x_wconf 79' lang='grc' dir='ltr'>διὰ</span> <span class='ocrx_word' id='word_1_418' title='bbox 993 3602 1178 3672; x_wconf 84' lang='grc' dir='ltr'>πάσης</span> <span class='ocrx_word' id='word_1_419' title='bbox 1206 3601 1431 3672; x_wconf 67' lang='grc' dir='ltr'>ἔρχεται</span> <span class='ocrx_word' id='word_1_420' title='bbox 1455 3603 1555 3672; x_wconf 81' lang='grc' dir='ltr'>τῆς</span> <span class='ocrx_word' id='word_1_421' title='bbox 1593 3603 1788 3674; x_wconf 69' lang='grc' dir='ltr'>Θεότητ</span> 
     </span>
    </p>
   </div>
   <div class='ocr_carea' id='block_1_56' title="bbox 195 3669 1792 3763">
    <p class='ocr_par' dir='ltr' id='par_1_56' title="bbox 195 3669 1792 3763">
     <span class='ocr_line' id='line_1_57' title="bbox 195 3669 1792 3763; baseline 0.004 -18"><span class='ocrx_word' id='word_1_422' title='bbox 195 3669 307 3757; x_wconf 67' lang='grc' dir='ltr'>τος,</span> <span class='ocrx_word' id='word_1_423' title='bbox 341 3693 436 3746; x_wconf 80' lang='grc' dir='ltr'>καὶ</span> <span class='ocrx_word' id='word_1_424' title='bbox 461 3693 560 3762; x_wconf 81' lang='grc' dir='ltr'>τῆς</span> <span class='ocrx_word' id='word_1_425' title='bbox 597 3692 741 3760; x_wconf 73' lang='grc' dir='ltr'>ὑπὲρ</span> <span class='ocrx_word' id='word_1_426' title='bbox 777 3669 875 3763; x_wconf 83' lang='grc' dir='ltr'><strong>τὴν</strong></span> <span class='ocrx_word' id='word_1_427' title='bbox 909 3695 1086 3747; x_wconf 78' lang='grc' dir='ltr'>κτίσιν</span> <span class='ocrx_word' id='word_1_428' title='bbox 1116 3669 1310 3756; x_wconf 78' lang='grc' dir='ltr'>οὐσίας</span> <span class='ocrx_word' id='word_1_429' title='bbox 1337 3695 1487 3749; x_wconf 74' lang='grc' dir='ltr'>ἐστὶν</span> <span class='ocrx_word' id='word_1_430' title='bbox 1512 3669 1792 3751; x_wconf 20' lang='grc' dir='ltr'>ᾑὰποτέλεί</span> 
     </span>
    </p>
   </div>
   <div class='ocr_carea' id='block_1_57' title="bbox 202 3782 1807 3860">
    <p class='ocr_par' dir='ltr' id='par_1_57' title="bbox 202 3782 1807 3860">
     <span class='ocr_line' id='line_1_58' title="bbox 202 3782 1807 3860; baseline 0.004 -23"><span class='ocrx_word' id='word_1_431' title='bbox 202 3802 336 3854; x_wconf 87' lang='grc' dir='ltr'>σμα.</span> <span class='ocrx_word' id='word_1_432' title='bbox 367 3803 389 3836; x_wconf 76' lang='grc' dir='ltr'><strong>ι</strong></span> <span class='ocrx_word' id='word_1_433' title='bbox 451 3782 621 3854; x_wconf 79' lang='grc' dir='ltr'>Ὁρᾷς</span> <span class='ocrx_word' id='word_1_434' title='bbox 653 3784 775 3847; x_wconf 82' lang='grc' dir='ltr'><strong>πῶς</strong></span> <span class='ocrx_word' id='word_1_435' title='bbox 818 3786 851 3854; x_wconf 80' lang='grc' dir='ltr'>ἡ</span> <span class='ocrx_word' id='word_1_436' title='bbox 902 3785 1013 3838; x_wconf 84' lang='grc' dir='ltr'>τῶν</span> <span class='ocrx_word' id='word_1_437' title='bbox 1051 3785 1340 3854; x_wconf 80' lang='grc' dir='ltr'>ὀνομάτων</span> <span class='ocrx_word' id='word_1_438' title='bbox 1371 3790 1470 3843; x_wconf 70' lang='grc' dir='ltr'>καὶ</span> <span class='ocrx_word' id='word_1_439' title='bbox 1521 3789 1807 3860; x_wconf 84' lang='grc' dir='ltr'>ρημάτων’</span> 
     </span>
    </p>
   </div>
   <div class='ocr_carea' id='block_1_58' title="bbox 202 3870 1790 3949">
    <p class='ocr_par' dir='ltr' id='par_1_58' title="bbox 202 3870 1790 3949">
     <span class='ocr_line' id='line_1_59' title="bbox 202 3870 1790 3949; baseline 0.002 -19"><span class='ocrx_word' id='word_1_440' title='bbox 202 3878 406 3946; x_wconf 86' lang='grc' dir='ltr'>γνῶσις</span> <span class='ocrx_word' id='word_1_441' title='bbox 437 3875 863 3946; x_wconf 69' lang='grc' dir='ltr'>ἐπιστημονικῇ,</span> <span class='ocrx_word' id='word_1_442' title='bbox 908 3875 980 3929; x_wconf 85' lang='grc' dir='ltr'><strong>δι’</strong></span> <span class='ocrx_word' id='word_1_443' title='bbox 1005 3870 1082 3931; x_wconf 84' lang='grc' dir='ltr'>ὧν</span> <span class='ocrx_word' id='word_1_444' title='bbox 1115 3878 1269 3945; x_wconf 78' lang='grc' dir='ltr'>λόγοι</span> <span class='ocrx_word' id='word_1_445' title='bbox 1306 3881 1401 3932; x_wconf 81' lang='grc' dir='ltr'>καὶ</span> <span class='ocrx_word' id='word_1_446' title='bbox 1434 3881 1790 3949; x_wconf 75' lang='grc' dir='ltr'>ἁποφαντικὰ</span> 
     </span>
    </p>
   </div>
   <div class='ocr_carea' id='block_1_59' title="bbox 202 3969 1793 4043">
    <p class='ocr_par' dir='ltr' id='par_1_59' title="bbox 202 3969 1793 4043">
     <span class='ocr_line' id='line_1_60' title="bbox 202 3969 1793 4043; baseline 0.002 -19"><span class='ocrx_word' id='word_1_447' title='bbox 202 3970 453 4041; x_wconf 76' lang='grc' dir='ltr'>δόγματα</span> <span class='ocrx_word' id='word_1_448' title='bbox 474 3971 652 4026; x_wconf 81' lang='grc' dir='ltr'>πάντα</span> <span class='ocrx_word' id='word_1_449' title='bbox 671 3969 808 4039; x_wconf 80' lang='grc' dir='ltr'>πρὸς</span> <span class='ocrx_word' id='word_1_450' title='bbox 822 3969 1037 4040; x_wconf 74' lang='grc' dir='ltr'>γένεσιν</span> <span class='ocrx_word' id='word_1_451' title='bbox 1058 3969 1336 4042; x_wconf 72' lang='grc' dir='ltr'>ἔρχονται,</span> <span class='ocrx_word' id='word_1_452' title='bbox 1355 3972 1597 4043; x_wconf 85' lang='grc' dir='ltr'>μεγάλης</span> <span class='ocrx_word' id='word_1_453' title='bbox 1615 3975 1793 4028; x_wconf 75' lang='grc' dir='ltr'>δεῖται</span> 
     </span>
    </p>
   </div>
   <div class='ocr_carea' id='block_1_60' title="bbox 203 4062 1795 4137">
    <p class='ocr_par' dir='ltr' id='par_1_60' title="bbox 203 4062 1795 4137">
     <span class='ocr_line' id='line_1_61' title="bbox 203 4062 1795 4137; baseline 0.003 -22"><span class='ocrx_word' id='word_1_454' title='bbox 203 4062 304 4132; x_wconf 80' lang='grc' dir='ltr'>τῆς</span> <span class='ocrx_word' id='word_1_455' title='bbox 324 4063 606 4133; x_wconf 83' lang='grc' dir='ltr'>περινοίας</span> <span class='ocrx_word' id='word_1_456' title='bbox 626 4065 724 4118; x_wconf 77' lang='grc' dir='ltr'>καὶ</span> <span class='ocrx_word' id='word_1_457' title='bbox 739 4063 1075 4132; x_wconf 74' lang='grc' dir='ltr'>ἐξετάσεωςς</span> <span class='ocrx_word' id='word_1_458' title='bbox 1113 4066 1382 4136; x_wconf 79' lang='grc' dir='ltr'>ὁμώνυμα</span> <span class='ocrx_word' id='word_1_459' title='bbox 1412 4063 1522 4137; x_wconf 80' lang='grc' dir='ltr'><strong>γάρ</strong></span> <span class='ocrx_word' id='word_1_460' title='bbox 1555 4067 1674 4119; x_wconf 87' lang='grc' dir='ltr'>ἐστι.</span> <span class='ocrx_word' id='word_1_461' title='bbox 1723 4065 1795 4119; x_wconf 78' lang='grc' dir='ltr'>τὰ</span> 
     </span>
    </p>
   </div>
   <div class='ocr_carea' id='block_1_61' title="bbox 206 4157 1796 4232">
    <p class='ocr_par' dir='ltr' id='par_1_61' title="bbox 206 4157 1796 4232">
     <span class='ocr_line' id='line_1_62' title="bbox 206 4157 1796 4232; baseline 0.003 -24"><span class='ocrx_word' id='word_1_462' title='bbox 206 4157 406 4212; x_wconf 75' lang='grc' dir='ltr'>πολλὰ..</span> <span class='ocrx_word' id='word_1_463' title='bbox 425 4159 536 4212; x_wconf 78' lang='grc' dir='ltr'><strong>Καὶ</strong></span> <span class='ocrx_word' id='word_1_464' title='bbox 561 4157 653 4211; x_wconf 78' lang='grc' dir='ltr'><strong>διὰ</strong></span> <span class='ocrx_word' id='word_1_465' title='bbox 682 4157 842 4212; x_wconf 83' lang='grc' dir='ltr'>τοῦτο</span> <span class='ocrx_word' id='word_1_466' title='bbox 881 4162 1087 4220; x_wconf 82' lang='grc' dir='ltr'>πάντες</span> <span class='ocrx_word' id='word_1_467' title='bbox 1108 4161 1158 4214; x_wconf 87' lang='lat' dir='ltr'><strong>ol</strong></span> <span class='ocrx_word' id='word_1_468' title='bbox 1179 4159 1289 4214; x_wconf 85' lang='grc' dir='ltr'>τῶν</span> <span class='ocrx_word' id='word_1_469' title='bbox 1338 4157 1640 4232; x_wconf 76' lang='grc' dir='ltr'>αἱρετικῶν</span> <span class='ocrx_word' id='word_1_470' title='bbox 1675 4161 1796 4214; x_wconf 83' lang='grc' dir='ltr'>θία-</span> 
     </span>
    </p>
   </div>
   <div class='ocr_carea' id='block_1_62' title="bbox 206 4250 1796 4323">
    <p class='ocr_par' dir='ltr' id='par_1_62' title="bbox 206 4250 1796 4323">
     <span class='ocr_line' id='line_1_63' title="bbox 206 4250 1796 4323; baseline 0.001 -21"><span class='ocrx_word' id='word_1_471' title='bbox 206 4267 314 4319; x_wconf 84' lang='grc' dir='ltr'>σοι,</span> <span class='ocrx_word' id='word_1_472' title='bbox 343 4250 557 4315; x_wconf 85' lang='grc' dir='ltr'>τούτοις</span> <span class='ocrx_word' id='word_1_473' title='bbox 589 4251 1084 4323; x_wconf 81' lang='grc' dir='ltr'>ἐγκαλυπτόμενοι,</span> <span class='ocrx_word' id='word_1_474' title='bbox 1115 4250 1400 4318; x_wconf 81' lang='grc' dir='ltr'>τοξεύουσι</span> <span class='ocrx_word' id='word_1_475' title='bbox 1459 4253 1582 4306; x_wconf 79' lang='grc' dir='ltr'>κατ’</span> <span class='ocrx_word' id='word_1_476' title='bbox 1611 4252 1796 4306; x_wconf 81' lang='grc' dir='ltr'><strong>ἄλλοτ’</strong></span> 
     </span>
    </p>
   </div>
   <div class='ocr_carea' id='block_1_63' title="bbox 205 4342 1792 4415">
    <p class='ocr_par' dir='ltr' id='par_1_63' title="bbox 205 4342 1792 4415">
     <span class='ocr_line' id='line_1_64' title="bbox 205 4342 1792 4415; baseline 0.004 -23"><span class='ocrx_word' id='word_1_477' title='bbox 205 4342 405 4406; x_wconf 71' lang='grc' dir='ltr'>ἀλλους</span> <span class='ocrx_word' id='word_1_478' title='bbox 432 4345 664 4414; x_wconf 75' lang='grc' dir='ltr'>καιροὺς</span> <span class='ocrx_word' id='word_1_479' title='bbox 685 4343 908 4412; x_wconf 79' lang='grc' dir='ltr'>ἀφανῶς</span> <span class='ocrx_word' id='word_1_480' title='bbox 923 4345 1024 4415; x_wconf 77' lang='grc' dir='ltr'><strong>τὴν</strong></span> <span class='ocrx_word' id='word_1_481' title='bbox 1056 4343 1342 4399; x_wconf 74' lang='grc' dir='ltr'>εὐσέϐειαν</span> <span class='ocrx_word' id='word_1_482' title='bbox 1357 4343 1436 4407; x_wconf 82' lang='grc' dir='ltr'>ὼς</span> <span class='ocrx_word' id='word_1_483' title='bbox 1458 4346 1526 4398; x_wconf 78' lang='grc' dir='ltr'><strong>ἐκ</strong></span> <span class='ocrx_word' id='word_1_484' title='bbox 1547 4343 1757 4415; x_wconf 85' lang='grc' dir='ltr'>λόχμης</span> <span class='ocrx_word' id='word_1_485' title='bbox 1775 4360 1792 4376; x_wconf 77' lang='grc'><strong><em>⁸</em></strong></span> 
     </span>
    </p>
   </div>
   <div class='ocr_carea' id='block_1_64' title="bbox 203 4429 1791 4507">
    <p class='ocr_par' dir='ltr' id='par_1_64' title="bbox 203 4429 1791 4507">
     <span class='ocr_line' id='line_1_65' title="bbox 203 4429 1791 4507; baseline -0.001 -19"><span class='ocrx_word' id='word_1_486' title='bbox 203 4429 250 4503; x_wconf 79' lang='grc' dir='ltr'>ᾧ</span> <span class='ocrx_word' id='word_1_487' title='bbox 274 4435 340 4507; x_wconf 77' lang='grc' dir='ltr'><strong>δὴ</strong></span> <span class='ocrx_word' id='word_1_488' title='bbox 363 4435 459 4489; x_wconf 73' lang='grc' dir='ltr'>καὶ</span> <span class='ocrx_word' id='word_1_489' title='bbox 484 4434 663 4504; x_wconf 83' lang='grc' dir='ltr'>λέγων</span> <span class='ocrx_word' id='word_1_490' title='bbox 694 4436 791 4490; x_wconf 81' lang='grc' dir='ltr'><strong>καὶ</strong></span> <span class='ocrx_word' id='word_1_491' title='bbox 811 4437 1040 4506; x_wconf 78' lang='grc' dir='ltr'>γράφων</span> <span class='ocrx_word' id='word_1_492' title='bbox 1078 4439 1165 4490; x_wconf 78' lang='grc' dir='ltr'>καὶ</span> <span class='ocrx_word' id='word_1_493' title='bbox 1194 4436 1356 4501; x_wconf 77' lang='grc' dir='ltr'>αὐτὸς</span> <span class='ocrx_word' id='word_1_494' title='bbox 1377 4437 1649 4506; x_wconf 82' lang='grc' dir='ltr'>κέχρησαι</span> <span class='ocrx_word' id='word_1_495' title='bbox 1678 4435 1791 4490; x_wconf 71' lang='grc' dir='ltr'>τολι</span> 
     </span>
    </p>
   </div>
   <div class='ocr_carea' id='block_1_65' title="bbox 1883 1927 3474 1990">
    <p class='ocr_par' dir='ltr' id='par_1_65' title="bbox 1883 1927 3474 1990">
     <span class='ocr_line' id='line_1_66' title="bbox 1883 1927 3474 1990; baseline -0.008 0"><span class='ocrx_word' id='word_1_496' title='bbox 1883 1951 2045 1990; x_wconf 86' lang='lat' dir='ltr'><strong>versa</strong></span> <span class='ocrx_word' id='word_1_497' title='bbox 2081 1933 2370 1990; x_wconf 61' lang='lat' dir='ltr'><strong>factmsint</strong></span> <span class='ocrx_word' id='word_1_498' title='bbox 2422 1945 2478 1988; x_wconf 86' lang='lat' dir='ltr'><strong>et</strong></span> <span class='ocrx_word' id='word_1_499' title='bbox 2514 1933 2810 1987; x_wconf 79' lang='lat' dir='ltr'><strong>admuata.</strong></span> <span class='ocrx_word' id='word_1_500' title='bbox 2869 1929 3128 1984; x_wconf 78' lang='lat' dir='ltr'><strong>Christus</strong></span> <span class='ocrx_word' id='word_1_501' title='bbox 3186 1929 3334 1981; x_wconf 89' lang='lat' dir='ltr'><strong>enim</strong></span> <span class='ocrx_word' id='word_1_502' title='bbox 3383 1927 3474 1979; x_wconf 84' lang='lat' dir='ltr'><strong>Dei</strong></span> 
     </span>
    </p>
   </div>
   <div class='ocr_carea' id='block_1_66' title="bbox 1883 2018 3480 2097">
    <p class='ocr_par' dir='ltr' id='par_1_66' title="bbox 1883 2018 3480 2097">
     <span class='ocr_line' id='line_1_67' title="bbox 1883 2018 3480 2097; baseline -0.008 -12"><span class='ocrx_word' id='word_1_503' title='bbox 1883 2039 1968 2085; x_wconf 86' lang='lat' dir='ltr'><strong>est</strong></span> <span class='ocrx_word' id='word_1_504' title='bbox 2004 2033 2088 2084; x_wconf 85' lang='lat' dir='ltr'><strong>vis</strong></span> <span class='ocrx_word' id='word_1_505' title='bbox 2119 2039 2175 2083; x_wconf 88' lang='lat' dir='ltr'><strong>et</strong></span> <span class='ocrx_word' id='word_1_506' title='bbox 2205 2027 2301 2081; x_wconf 92' lang='lat' dir='ltr'><strong>Dei</strong></span> <span class='ocrx_word' id='word_1_507' title='bbox 2325 2026 2620 2097; x_wconf 82' lang='lat' dir='ltr'><strong>sapientia.</strong></span> <span class='ocrx_word' id='word_1_508' title='bbox 2652 2026 2832 2093; x_wconf 78' lang='lat' dir='ltr'><strong>Atque</strong></span> <span class='ocrx_word' id='word_1_509' title='bbox 2866 2023 2970 2078; x_wconf 89' lang='lat' dir='ltr'><strong>hoc</strong></span> <span class='ocrx_word' id='word_1_510' title='bbox 2997 2021 3221 2091; x_wconf 86' lang='lat' dir='ltr'><strong>quidem</strong></span> <span class='ocrx_word' id='word_1_511' title='bbox 3245 2018 3480 2074; x_wconf 76' lang='lat' dir='ltr'><strong>sulﬁciat</strong></span> 
     </span>
    </p>
   </div>
   <div class='ocr_carea' id='block_1_67' title="bbox 1885 2113 3481 2190">
    <p class='ocr_par' dir='ltr' id='par_1_67' title="bbox 1885 2113 3481 2190">
     <span class='ocr_line' id='line_1_68' title="bbox 1885 2113 3481 2190; baseline -0.008 -13"><span class='ocrx_word' id='word_1_512' title='bbox 1885 2124 1956 2177; x_wconf 89' lang='lat' dir='ltr'><strong>de</strong></span> <span class='ocrx_word' id='word_1_513' title='bbox 1982 2138 2072 2184; x_wconf 81' lang='lat' dir='ltr'><strong>eo,</strong></span> <span class='ocrx_word' id='word_1_514' title='bbox 2100 2120 2249 2190; x_wconf 85' lang='lat' dir='ltr'><strong>quod</strong></span> <span class='ocrx_word' id='word_1_515' title='bbox 2286 2120 2430 2173; x_wconf 80' lang='lat' dir='ltr'><strong>idem</strong></span> <span class='ocrx_word' id='word_1_516' title='bbox 2462 2128 2546 2173; x_wconf 87' lang='lat' dir='ltr'><strong>est</strong></span> <span class='ocrx_word' id='word_1_517' title='bbox 2574 2134 2638 2173; x_wconf 81' lang='lat' dir='ltr'><strong>ex</strong></span> <span class='ocrx_word' id='word_1_518' title='bbox 2671 2117 3076 2186; x_wconf 75' lang='lat' dir='ltr'><strong>significatione</strong></span> <span class='ocrx_word' id='word_1_519' title='bbox 3107 2115 3374 2175; x_wconf 85' lang='lat' dir='ltr'><strong>essentia,</strong></span> <span class='ocrx_word' id='word_1_520' title='bbox 3399 2113 3481 2164; x_wconf 83' lang='lat' dir='ltr'><strong>\is</strong></span> 
     </span>
    </p>
   </div>
   <div class='ocr_carea' id='block_1_68' title="bbox 1886 2206 3482 2280">
    <p class='ocr_par' dir='ltr' id='par_1_68' title="bbox 1886 2206 3482 2280">
     <span class='ocr_line' id='line_1_69' title="bbox 1886 2206 3482 2280; baseline -0.008 -11"><span class='ocrx_word' id='word_1_521' title='bbox 1886 2223 1941 2269; x_wconf 83' lang='lat' dir='ltr'><strong>ct</strong></span> <span class='ocrx_word' id='word_1_522' title='bbox 1970 2215 2234 2268; x_wconf 84' lang='lat' dir='ltr'><strong>voluntas</strong></span> <span class='ocrx_word' id='word_1_523' title='bbox 2260 2223 2317 2266; x_wconf 85' lang='lat' dir='ltr'><strong>et</strong></span> <span class='ocrx_word' id='word_1_524' title='bbox 2346 2211 2644 2280; x_wconf 85' lang='lat' dir='ltr'><strong>sapientia.</strong></span> <span class='ocrx_word' id='word_1_525' title='bbox 2683 2211 2757 2264; x_wconf 80' lang='lat' dir='ltr'><strong>Ex</strong></span> <span class='ocrx_word' id='word_1_526' title='bbox 2791 2209 2912 2263; x_wconf 87' lang='lat' dir='ltr'><strong>aliis</strong></span> <span class='ocrx_word' id='word_1_527' title='bbox 2949 2208 3258 2277; x_wconf 83' lang='lat' dir='ltr'><strong>reperimus</strong></span> <span class='ocrx_word' id='word_1_528' title='bbox 3289 2206 3482 2260; x_wconf 88' lang='lat' dir='ltr'><strong>dicen-</strong></span> 
     </span>
    </p>
   </div>
   <div class='ocr_carea' id='block_1_69' title="bbox 1887 2300 3482 2362">
    <p class='ocr_par' dir='ltr' id='par_1_69' title="bbox 1887 2300 3482 2362">
     <span class='ocr_line' id='line_1_70' title="bbox 1887 2300 3482 2362; baseline -0.006 0"><span class='ocrx_word' id='word_1_529' title='bbox 1887 2317 1997 2362; x_wconf 86' lang='lat' dir='ltr'><strong>tem</strong></span> <span class='ocrx_word' id='word_1_530' title='bbox 2043 2305 2337 2360; x_wconf 79' lang='lat' dir='ltr'><strong>Maximum</strong></span> <span class='ocrx_word' id='word_1_531' title='bbox 2396 2303 2695 2358; x_wconf 88' lang='lat' dir='ltr'><strong>divinum:</strong></span> <span class='ocrx_word' id='word_1_532' title='bbox 2751 2302 3056 2357; x_wconf 85' lang='lat' dir='ltr'><strong>Consilium</strong></span> <span class='ocrx_word' id='word_1_533' title='bbox 3116 2309 3175 2353; x_wconf 89' lang='lat' dir='ltr'><strong>et</strong></span> <span class='ocrx_word' id='word_1_534' title='bbox 3224 2300 3482 2353; x_wconf 82' lang='lat' dir='ltr'><strong>voluntas</strong></span> 
     </span>
    </p>
   </div>
   <div class='ocr_carea' id='block_1_70' title="bbox 1888 2395 3484 2467">
    <p class='ocr_par' dir='ltr' id='par_1_70' title="bbox 1888 2395 3484 2467">
     <span class='ocr_line' id='line_1_71' title="bbox 1888 2395 3484 2467; baseline -0.007 -13"><span class='ocrx_word' id='word_1_535' title='bbox 1888 2416 1998 2454; x_wconf 89' lang='lat' dir='ltr'><strong>non</strong></span> <span class='ocrx_word' id='word_1_536' title='bbox 2031 2409 2159 2453; x_wconf 87' lang='lat' dir='ltr'><strong>sunt</strong></span> <span class='ocrx_word' id='word_1_537' title='bbox 2197 2400 2343 2453; x_wconf 84' lang='lat' dir='ltr'><strong>idem</strong></span> <span class='ocrx_word' id='word_1_538' title='bbox 2375 2408 2542 2467; x_wconf 89' lang='lat' dir='ltr'><strong>atque</strong></span> <span class='ocrx_word' id='word_1_539' title='bbox 2571 2395 2815 2452; x_wconf 85' lang='lat' dir='ltr'><strong>essentia</strong></span> <span class='ocrx_word' id='word_1_540' title='bbox 2850 2395 2981 2460; x_wconf 88' lang='lat' dir='ltr'><strong>Dei;</strong></span> <span class='ocrx_word' id='word_1_541' title='bbox 3033 2395 3294 2450; x_wconf 87' lang='lat' dir='ltr'><strong>voluntas</strong></span> <span class='ocrx_word' id='word_1_542' title='bbox 3333 2396 3484 2449; x_wconf 82' lang='lat' dir='ltr'><strong>enim</strong></span> 
     </span>
    </p>
   </div>
   <div class='ocr_carea' id='block_1_71' title="bbox 1889 2485 3488 2562">
    <p class='ocr_par' dir='ltr' id='par_1_71' title="bbox 1889 2485 3488 2562">
     <span class='ocr_line' id='line_1_72' title="bbox 1889 2485 3488 2562; baseline -0.006 -14"><span class='ocrx_word' id='word_1_543' title='bbox 1889 2503 1946 2548; x_wconf 89' lang='lat' dir='ltr'><strong>et</strong></span> <span class='ocrx_word' id='word_1_544' title='bbox 1979 2492 2178 2562; x_wconf 84' lang='lat' dir='ltr'><strong>incipit</strong></span> <span class='ocrx_word' id='word_1_545' title='bbox 2213 2505 2270 2546; x_wconf 88' lang='lat' dir='ltr'><strong>et</strong></span> <span class='ocrx_word' id='word_1_546' title='bbox 2299 2491 2530 2556; x_wconf 79' lang='lat' dir='ltr'><strong>desinit,</strong></span> <span class='ocrx_word' id='word_1_547' title='bbox 2556 2491 2804 2546; x_wconf 86' lang='lat' dir='ltr'><strong>essentia</strong></span> <span class='ocrx_word' id='word_1_548' title='bbox 2841 2499 3027 2544; x_wconf 90' lang='lat' dir='ltr'><strong>autem</strong></span> <span class='ocrx_word' id='word_1_549' title='bbox 3058 2503 3241 2557; x_wconf 87' lang='lat' dir='ltr'><strong>neque</strong></span> <span class='ocrx_word' id='word_1_550' title='bbox 3293 2485 3488 2554; x_wconf 81' lang='lat' dir='ltr'><strong>incipit</strong></span> 
     </span>
    </p>
   </div>
   <div class='ocr_carea' id='block_1_72' title="bbox 1890 2581 3486 2655">
    <p class='ocr_par' dir='ltr' id='par_1_72' title="bbox 1890 2581 3486 2655">
     <span class='ocr_line' id='line_1_73' title="bbox 1890 2581 3486 2655; baseline -0.004 -16"><span class='ocrx_word' id='word_1_551' title='bbox 1890 2601 2072 2655; x_wconf 89' lang='lat' dir='ltr'><strong>neque</strong></span> <span class='ocrx_word' id='word_1_552' title='bbox 2109 2586 2354 2650; x_wconf 84' lang='lat' dir='ltr'><strong>desinit;</strong></span> <span class='ocrx_word' id='word_1_553' title='bbox 2394 2584 2541 2654; x_wconf 91' lang='lat' dir='ltr'><strong>quod</strong></span> <span class='ocrx_word' id='word_1_554' title='bbox 2567 2595 2752 2638; x_wconf 87' lang='lat' dir='ltr'><strong>autem</strong></span> <span class='ocrx_word' id='word_1_555' title='bbox 2787 2582 2982 2652; x_wconf 90' lang='lat' dir='ltr'><strong>incipit</strong></span> <span class='ocrx_word' id='word_1_556' title='bbox 3013 2590 3068 2635; x_wconf 90' lang='lat' dir='ltr'><strong>et</strong></span> <span class='ocrx_word' id='word_1_557' title='bbox 3105 2581 3328 2643; x_wconf 84' lang='lat' dir='ltr'><strong>desinit,</strong></span> <span class='ocrx_word' id='word_1_558' title='bbox 3360 2595 3486 2634; x_wconf 85' lang='lat' dir='ltr'><strong>cum</strong></span> 
     </span>
    </p>
   </div>
   <div class='ocr_carea' id='block_1_73' title="bbox 1891 2674 3491 2749">
    <p class='ocr_par' dir='ltr' id='par_1_73' title="bbox 1891 2674 3491 2749">
     <span class='ocr_line' id='line_1_74' title="bbox 1891 2674 3491 2749; baseline -0.006 -14"><span class='ocrx_word' id='word_1_559' title='bbox 1891 2696 1980 2746; x_wconf 86' lang='lat' dir='ltr'><strong>eo,</strong></span> <span class='ocrx_word' id='word_1_560' title='bbox 2011 2680 2159 2749; x_wconf 86' lang='lat' dir='ltr'><strong>quod</strong></span> <span class='ocrx_word' id='word_1_561' title='bbox 2188 2694 2371 2749; x_wconf 89' lang='lat' dir='ltr'><strong>neque</strong></span> <span class='ocrx_word' id='word_1_562' title='bbox 2400 2678 2598 2746; x_wconf 87' lang='lat' dir='ltr'><strong>incipit</strong></span> <span class='ocrx_word' id='word_1_563' title='bbox 2625 2689 2809 2745; x_wconf 89' lang='lat' dir='ltr'><strong>neque</strong></span> <span class='ocrx_word' id='word_1_564' title='bbox 2876 2674 3107 2738; x_wconf 85' lang='lat' dir='ltr'><strong>desinit,</strong></span> <span class='ocrx_word' id='word_1_565' title='bbox 3163 2674 3308 2728; x_wconf 85' lang='lat' dir='ltr'><strong>idem</strong></span> <span class='ocrx_word' id='word_1_566' title='bbox 3367 2687 3491 2726; x_wconf 65' lang='lat' dir='ltr'><strong>es&lt;c</strong></span> 
     </span>
    </p>
   </div>
   <div class='ocr_carea' id='block_1_74' title="bbox 1894 2767 3491 2842">
    <p class='ocr_par' dir='ltr' id='par_1_74' title="bbox 1894 2767 3491 2842">
     <span class='ocr_line' id='line_1_75' title="bbox 1894 2767 3491 2842; baseline -0.004 -16"><span class='ocrx_word' id='word_1_567' title='bbox 1894 2787 2005 2826; x_wconf 91' lang='lat' dir='ltr'><strong>non</strong></span> <span class='ocrx_word' id='word_1_568' title='bbox 2037 2781 2244 2842; x_wconf 85' lang='lat' dir='ltr'><strong>potest.</strong></span> <span class='ocrx_word' id='word_1_569' title='bbox 2292 2771 2524 2828; x_wconf 87' lang='lat' dir='ltr'><strong>Etenim</strong></span> <span class='ocrx_word' id='word_1_570' title='bbox 2579 2770 2622 2825; x_wconf 90' lang='lat' dir='ltr'><strong>si</strong></span> <span class='ocrx_word' id='word_1_571' title='bbox 2668 2769 2815 2824; x_wconf 86' lang='lat' dir='ltr'><strong>idem</strong></span> <span class='ocrx_word' id='word_1_572' title='bbox 2857 2776 3006 2824; x_wconf 84' lang='lat' dir='ltr'><strong>esset</strong></span> <span class='ocrx_word' id='word_1_573' title='bbox 3061 2783 3188 2822; x_wconf 90' lang='lat' dir='ltr'><strong>cum</strong></span> <span class='ocrx_word' id='word_1_574' title='bbox 3253 2767 3491 2821; x_wconf 88' lang='lat' dir='ltr'><strong>essentia</strong></span> 
     </span>
    </p>
   </div>
   <div class='ocr_carea' id='block_1_75' title="bbox 1892 2861 3490 2933">
    <p class='ocr_par' dir='ltr' id='par_1_75' title="bbox 1892 2861 3490 2933">
     <span class='ocr_line' id='line_1_76' title="bbox 1892 2861 3490 2933; baseline -0.006 -13"><span class='ocrx_word' id='word_1_575' title='bbox 1892 2865 1989 2920; x_wconf 91' lang='lat' dir='ltr'><strong>Dei</strong></span> <span class='ocrx_word' id='word_1_576' title='bbox 2031 2867 2315 2928; x_wconf 84' lang='lat' dir='ltr'><strong>voluntas,</strong></span> <span class='ocrx_word' id='word_1_577' title='bbox 2343 2873 2633 2933; x_wconf 87' lang='lat' dir='ltr'><strong>oporteret</strong></span> <span class='ocrx_word' id='word_1_578' title='bbox 2653 2878 2780 2917; x_wconf 91' lang='lat' dir='ltr'><strong>cum</strong></span> <span class='ocrx_word' id='word_1_579' title='bbox 2806 2879 2916 2915; x_wconf 89' lang='lat' dir='ltr'><strong>una</strong></span> <span class='ocrx_word' id='word_1_580' title='bbox 2934 2863 3004 2916; x_wconf 87' lang='lat' dir='ltr'><strong>sit</strong></span> <span class='ocrx_word' id='word_1_581' title='bbox 3032 2861 3295 2923; x_wconf 87' lang='lat' dir='ltr'><strong>essentia,</strong></span> <span class='ocrx_word' id='word_1_582' title='bbox 3325 2874 3490 2913; x_wconf 87' lang='lat' dir='ltr'><strong>unam</strong></span> 
     </span>
    </p>
   </div>
   <div class='ocr_carea' id='block_1_76' title="bbox 1893 2949 3492 3024">
    <p class='ocr_par' dir='ltr' id='par_1_76' title="bbox 1893 2949 3492 3024">
     <span class='ocr_line' id='line_1_77' title="bbox 1893 2949 3492 3024; baseline -0.006 -10"><span class='ocrx_word' id='word_1_583' title='bbox 1893 2973 2016 3014; x_wconf 85' lang='lat' dir='ltr'><strong>esse</strong></span> <span class='ocrx_word' id='word_1_584' title='bbox 2066 2949 2234 3013; x_wconf 82' lang='lat' dir='ltr'><strong>etiam</strong></span> <span class='ocrx_word' id='word_1_585' title='bbox 2277 2957 2648 3013; x_wconf 81' lang='lat' dir='ltr'><strong>voluntatem.</strong></span> <span class='ocrx_word' id='word_1_586' title='bbox 2689 2955 2797 3010; x_wconf 89' lang='lat' dir='ltr'><strong>Sed</strong></span> <span class='ocrx_word' id='word_1_587' title='bbox 2855 2956 3170 3024; x_wconf 82' lang='lat' dir='ltr'><strong>Scriptura,</strong></span> <span class='ocrx_word' id='word_1_588' title='bbox 3205 2972 3223 3003; x_wconf 81' lang='grc' dir='ltr'><strong>ι</strong></span> <span class='ocrx_word' id='word_1_589' title='bbox 3268 2951 3492 3018; x_wconf 76' lang='lat' dir='ltr'><strong>Omnia,</strong></span> 
     </span>
    </p>
   </div>
   <div class='ocr_carea' id='block_1_77' title="bbox 1898 3049 3495 3122">
    <p class='ocr_par' dir='ltr' id='par_1_77' title="bbox 1898 3049 3495 3122">
     <span class='ocr_line' id='line_1_78' title="bbox 1898 3049 3495 3122; baseline -0.004 -15"><span class='ocrx_word' id='word_1_590' title='bbox 1898 3052 2106 3122; x_wconf 86' lang='lat' dir='ltr'><strong>inquit,</strong></span> <span class='ocrx_word' id='word_1_591' title='bbox 2144 3050 2732 3121; x_wconf 65' lang='lat' dir='ltr'><strong>quaecunquevoluit,</strong></span> <span class='ocrx_word' id='word_1_592' title='bbox 2776 3051 3047 3104; x_wconf 65' lang='lat' dir='ltr'><strong>creavit.)</strong></span> <span class='ocrx_word' id='word_1_593' title='bbox 3120 3049 3288 3102; x_wconf 84' lang='lat' dir='ltr'><strong>Multa</strong></span> <span class='ocrx_word' id='word_1_594' title='bbox 3322 3049 3495 3118; x_wconf 81' lang='lat' dir='ltr'><strong>igitur</strong></span> 
     </span>
    </p>
   </div>
   <div class='ocr_carea' id='block_1_78' title="bbox 1894 3139 3495 3212">
    <p class='ocr_par' dir='ltr' id='par_1_78' title="bbox 1894 3139 3495 3212">
     <span class='ocr_line' id='line_1_79' title="bbox 1894 3139 3495 3212; baseline -0.001 -18"><span class='ocrx_word' id='word_1_595' title='bbox 1894 3142 2091 3205; x_wconf 89' lang='lat' dir='ltr'><strong>voluit,</strong></span> <span class='ocrx_word' id='word_1_596' title='bbox 2130 3157 2314 3212; x_wconf 87' lang='lat' dir='ltr'><strong>neque</strong></span> <span class='ocrx_word' id='word_1_597' title='bbox 2341 3156 2477 3196; x_wconf 74' lang='lat' dir='ltr'><strong>vero</strong></span> <span class='ocrx_word' id='word_1_598' title='bbox 2501 3156 2696 3196; x_wconf 90' lang='lat' dir='ltr'><strong>unum.</strong></span> <span class='ocrx_word' id='word_1_599' title='bbox 2731 3140 2799 3193; x_wconf 89' lang='lat' dir='ltr'><strong>Et</strong></span> <span class='ocrx_word' id='word_1_600' title='bbox 2823 3139 2990 3194; x_wconf 89' lang='lat' dir='ltr'><strong>simili</strong></span> <span class='ocrx_word' id='word_1_601' title='bbox 3019 3140 3233 3212; x_wconf 66' lang='lat' dir='ltr'><strong>rationp</strong></span> <span class='ocrx_word' id='word_1_602' title='bbox 3255 3140 3495 3211; x_wconf 79' lang='lat' dir='ltr'><strong>Cyriltns</strong></span> 
     </span>
    </p>
   </div>
   <div class='ocr_carea' id='block_1_79' title="bbox 1893 3232 3493 3304">
    <p class='ocr_par' dir='ltr' id='par_1_79' title="bbox 1893 3232 3493 3304">
     <span class='ocr_line' id='line_1_80' title="bbox 1893 3232 3493 3304; baseline -0.003 -16"><span class='ocrx_word' id='word_1_603' title='bbox 1893 3234 2138 3298; x_wconf 85' lang='lat' dir='ltr'><strong>divinus,</strong></span> <span class='ocrx_word' id='word_1_604' title='bbox 2197 3233 2492 3300; x_wconf 79' lang='lat' dir='ltr'><strong>Voluntas,</strong></span> <span class='ocrx_word' id='word_1_605' title='bbox 2569 3233 2774 3304; x_wconf 87' lang='lat' dir='ltr'><strong>inquit,</strong></span> <span class='ocrx_word' id='word_1_606' title='bbox 2833 3232 3002 3288; x_wconf 86' lang='lat' dir='ltr'><strong>unius</strong></span> <span class='ocrx_word' id='word_1_607' title='bbox 3051 3232 3493 3294; x_wconf 82' lang='lat' dir='ltr'><strong>nominatorum,</strong></span> 
     </span>
    </p>
   </div>
   <div class='ocr_carea' id='block_1_80' title="bbox 1896 3326 3496 3397">
    <p class='ocr_par' dir='ltr' id='par_1_80' title="bbox 1896 3326 3496 3397">
     <span class='ocr_line' id='line_1_81' title="bbox 1896 3326 3496 3397; baseline -0.001 -14"><span class='ocrx_word' id='word_1_608' title='bbox 1896 3327 2086 3383; x_wconf 83' lang='lat' dir='ltr'><strong>Patris</strong></span> <span class='ocrx_word' id='word_1_609' title='bbox 2118 3327 2244 3382; x_wconf 87' lang='lat' dir='ltr'><strong>dico</strong></span> <span class='ocrx_word' id='word_1_610' title='bbox 2267 3334 2323 3382; x_wconf 87' lang='lat' dir='ltr'><strong>et</strong></span> <span class='ocrx_word' id='word_1_611' title='bbox 2349 3326 2475 3382; x_wconf 87' lang='lat' dir='ltr'><strong>Filii</strong></span> <span class='ocrx_word' id='word_1_612' title='bbox 2507 3336 2566 3382; x_wconf 92' lang='lat' dir='ltr'><strong>et</strong></span> <span class='ocrx_word' id='word_1_613' title='bbox 2595 3327 2759 3396; x_wconf 78' lang='lat'><strong>293</strong></span> <span class='ocrx_word' id='word_1_614' title='bbox 2790 3326 3036 3397; x_wconf 87' lang='lat' dir='ltr'><strong>Spiritus</strong></span> <span class='ocrx_word' id='word_1_615' title='bbox 3069 3327 3271 3391; x_wconf 86' lang='lat' dir='ltr'><strong>sancti,</strong></span> <span class='ocrx_word' id='word_1_616' title='bbox 3299 3342 3496 3383; x_wconf 79' lang='lat' dir='ltr'><strong>creans</strong></span> 
     </span>
    </p>
   </div>
   <div class='ocr_carea' id='block_1_81' title="bbox 1893 3416 3492 3488">
    <p class='ocr_par' dir='ltr' id='par_1_81' title="bbox 1893 3416 3492 3488">
     <span class='ocr_line' id='line_1_82' title="bbox 1893 3416 3492 3488; baseline 0 -16"><span class='ocrx_word' id='word_1_617' title='bbox 1893 3418 2038 3487; x_wconf 86' lang='lat' dir='ltr'><strong>apud</strong></span> <span class='ocrx_word' id='word_1_618' title='bbox 2061 3431 2454 3488; x_wconf 89' lang='lat' dir='ltr'><strong>quemcunque</strong></span> <span class='ocrx_word' id='word_1_619' title='bbox 2471 3430 2594 3472; x_wconf 82' lang='lat' dir='ltr'><strong>esse</strong></span> <span class='ocrx_word' id='word_1_620' title='bbox 2622 3417 2850 3483; x_wconf 86' lang='lat' dir='ltr'><strong>dicitur,</strong></span> <span class='ocrx_word' id='word_1_621' title='bbox 2873 3416 3081 3472; x_wconf 78' lang='lat' dir='ltr'><strong>factum</strong></span> <span class='ocrx_word' id='word_1_622' title='bbox 3105 3416 3228 3485; x_wconf 90' lang='lat' dir='ltr'><strong>ejus</strong></span> <span class='ocrx_word' id='word_1_623' title='bbox 3254 3427 3359 3483; x_wconf 90' lang='lat' dir='ltr'><strong>est,</strong></span> <span class='ocrx_word' id='word_1_624' title='bbox 3398 3419 3492 3472; x_wconf 74' lang='lat' dir='ltr'><strong>sed</strong></span> 
     </span>
    </p>
   </div>
   <div class='ocr_carea' id='block_1_82' title="bbox 1892 3492 3497 3578">
    <p class='ocr_par' dir='ltr' id='par_1_82' title="bbox 1892 3492 3497 3578">
     <span class='ocr_line' id='line_1_83' title="bbox 1892 3492 3497 3578; baseline -0.001 -15"><span class='ocrx_word' id='word_1_625' title='bbox 1892 3522 1994 3578; x_wconf 86' lang='lat' dir='ltr'><strong>per</strong></span> <span class='ocrx_word' id='word_1_626' title='bbox 2026 3517 2196 3563; x_wconf 90' lang='lat' dir='ltr'><strong>totam</strong></span> <span class='ocrx_word' id='word_1_627' title='bbox 2228 3492 2578 3564; x_wconf 83' lang='lat' dir='ltr'><strong>divinitatem</strong></span> <span class='ocrx_word' id='word_1_628' title='bbox 2603 3518 2689 3563; x_wconf 88' lang='lat' dir='ltr'><strong>est</strong></span> <span class='ocrx_word' id='word_1_629' title='bbox 2720 3508 2838 3564; x_wconf 83' lang='lat' dir='ltr'><strong>fusa</strong></span> <span class='ocrx_word' id='word_1_630' title='bbox 2869 3519 2926 3564; x_wconf 85' lang='lat' dir='ltr'><strong>et</strong></span> <span class='ocrx_word' id='word_1_631' title='bbox 2945 3508 3225 3574; x_wconf 63' lang='lat' dir='ltr'><strong>essentiae,</strong></span> <span class='ocrx_word' id='word_1_632' title='bbox 3259 3525 3384 3578; x_wconf 79' lang='lat' dir='ltr'><strong>quae</strong></span> <span class='ocrx_word' id='word_1_633' title='bbox 3409 3518 3497 3564; x_wconf 74' lang='lat' dir='ltr'><strong>est</strong></span> 
     </span>
    </p>
   </div>
   <div class='ocr_carea' id='block_1_83' title="bbox 1893 3600 3499 3671">
    <p class='ocr_par' dir='ltr' id='par_1_83' title="bbox 1893 3600 3499 3671">
     <span class='ocr_line' id='line_1_84' title="bbox 1893 3600 3499 3671; baseline 0.002 -17"><span class='ocrx_word' id='word_1_634' title='bbox 1893 3609 2022 3656; x_wconf 85' lang='lat' dir='ltr'><strong>ante</strong></span> <span class='ocrx_word' id='word_1_635' title='bbox 2053 3600 2417 3665; x_wconf 86' lang='lat' dir='ltr'><strong>creationem,</strong></span> <span class='ocrx_word' id='word_1_636' title='bbox 2453 3611 2539 3656; x_wconf 90' lang='lat' dir='ltr'><strong>est</strong></span> <span class='ocrx_word' id='word_1_637' title='bbox 2566 3600 2854 3671; x_wconf 76' lang='lat' dir='ltr'><strong>perfectio.</strong></span> <span class='ocrx_word' id='word_1_638' title='bbox 2881 3600 3070 3667; x_wconf 79' lang='lat' dir='ltr'><strong>Vides,</strong></span> <span class='ocrx_word' id='word_1_639' title='bbox 3102 3602 3392 3656; x_wconf 88' lang='lat' dir='ltr'><strong>nominum</strong></span> <span class='ocrx_word' id='word_1_640' title='bbox 3442 3614 3499 3658; x_wconf 82' lang='lat' dir='ltr'><strong>et</strong></span> 
     </span>
    </p>
   </div>
   <div class='ocr_carea' id='block_1_84' title="bbox 1895 3691 3498 3763">
    <p class='ocr_par' dir='ltr' id='par_1_84' title="bbox 1895 3691 3498 3763">
     <span class='ocr_line' id='line_1_85' title="bbox 1895 3691 3498 3763; baseline -0.001 -17"><span class='ocrx_word' id='word_1_641' title='bbox 1895 3691 2201 3748; x_wconf 81' lang='lat' dir='ltr'><strong>verborum</strong></span> <span class='ocrx_word' id='word_1_642' title='bbox 2227 3692 2599 3762; x_wconf 79' lang='lat' dir='ltr'><strong>cognitionem</strong></span> <span class='ocrx_word' id='word_1_643' title='bbox 2629 3692 3097 3762; x_wconf 77' lang='lat' dir='ltr'><strong>pliilosoplticatn,</strong></span> <span class='ocrx_word' id='word_1_644' title='bbox 3121 3710 3148 3746; x_wconf 71' lang='grc' dir='ltr'><strong>ιι</strong></span> <span class='ocrx_word' id='word_1_645' title='bbox 3169 3694 3376 3763; x_wconf 78' lang='lat' dir='ltr'><strong>quibus</strong></span> <span class='ocrx_word' id='word_1_646' title='bbox 3397 3711 3498 3747; x_wconf 83' lang='lat' dir='ltr'><strong>no-</strong></span> 
     </span>
    </p>
   </div>
   <div class='ocr_carea' id='block_1_85' title="bbox 1899 3783 3496 3853">
    <p class='ocr_par' dir='ltr' id='par_1_85' title="bbox 1899 3783 3496 3853">
     <span class='ocr_line' id='line_1_86' title="bbox 1899 3783 3496 3853; baseline 0.001 -14"><span class='ocrx_word' id='word_1_647' title='bbox 1899 3785 2082 3840; x_wconf 89' lang='lat' dir='ltr'><strong>tiones</strong></span> <span class='ocrx_word' id='word_1_648' title='bbox 2115 3794 2172 3840; x_wconf 89' lang='lat' dir='ltr'><strong>et</strong></span> <span class='ocrx_word' id='word_1_649' title='bbox 2202 3783 2460 3852; x_wconf 78' lang='lat' dir='ltr'><strong>dogmata</strong></span> <span class='ocrx_word' id='word_1_650' title='bbox 2510 3785 2814 3840; x_wconf 88' lang='lat' dir='ltr'><strong>constituta</strong></span> <span class='ocrx_word' id='word_1_651' title='bbox 2841 3785 3022 3840; x_wconf 87' lang='lat' dir='ltr'><strong>omnia</strong></span> <span class='ocrx_word' id='word_1_652' title='bbox 3075 3789 3358 3853; x_wconf 88' lang='lat' dir='ltr'><strong>oriuntur,</strong></span> <span class='ocrx_word' id='word_1_653' title='bbox 3380 3804 3496 3841; x_wconf 82' lang='lat' dir='ltr'><strong>ina-</strong></span> 
     </span>
    </p>
   </div>
   <div class='ocr_carea' id='block_1_86' title="bbox 1893 3878 3496 3953">
    <p class='ocr_par' dir='ltr' id='par_1_86' title="bbox 1893 3878 3496 3953">
     <span class='ocr_line' id='line_1_87' title="bbox 1893 3878 3496 3953; baseline 0.002 -20"><span class='ocrx_word' id='word_1_654' title='bbox 1893 3894 2056 3949; x_wconf 80' lang='lat' dir='ltr'><strong>gnam</strong></span> <span class='ocrx_word' id='word_1_655' title='bbox 2079 3880 2365 3950; x_wconf 79' lang='lat' dir='ltr'><strong>requirere</strong></span> <span class='ocrx_word' id='word_1_656' title='bbox 2380 3878 2727 3948; x_wconf 85' lang='lat' dir='ltr'><strong>prudentiam</strong></span> <span class='ocrx_word' id='word_1_657' title='bbox 2751 3889 2807 3935; x_wconf 90' lang='lat' dir='ltr'><strong>ct</strong></span> <span class='ocrx_word' id='word_1_658' title='bbox 2827 3881 3193 3950; x_wconf 68' lang='lat' dir='ltr'><strong>quaestionem</strong></span> <span class='ocrx_word' id='word_1_659' title='bbox 3219 3883 3403 3953; x_wconf 86' lang='lat' dir='ltr'><strong>:ejusd</strong></span> <span class='ocrx_word' id='word_1_660' title='bbox 3444 3898 3496 3937; x_wconf 83' lang='grc' dir='ltr'><strong>ιιι</strong></span> 
     </span>
    </p>
   </div>
   <div class='ocr_carea' id='block_1_87' title="bbox 1895 3971 3497 4046">
    <p class='ocr_par' dir='ltr' id='par_1_87' title="bbox 1895 3971 3497 4046">
     <span class='ocr_line' id='line_1_88' title="bbox 1895 3971 3497 4046; baseline 0.003 -20"><span class='ocrx_word' id='word_1_661' title='bbox 1895 3972 2045 4026; x_wconf 88' lang='lat' dir='ltr'><strong>enim</strong></span> <span class='ocrx_word' id='word_1_662' title='bbox 2074 3972 2322 4027; x_wconf 88' lang='lat' dir='ltr'><strong>nominis</strong></span> <span class='ocrx_word' id='word_1_663' title='bbox 2348 3980 2479 4026; x_wconf 86' lang='lat' dir='ltr'><strong>sunt</strong></span> <span class='ocrx_word' id='word_1_664' title='bbox 2507 3971 2854 4042; x_wconf 85' lang='lat' dir='ltr'><strong>plerumque.</strong></span> <span class='ocrx_word' id='word_1_665' title='bbox 2889 3973 2955 4028; x_wconf 85' lang='lat' dir='ltr'><strong>Et</strong></span> <span class='ocrx_word' id='word_1_666' title='bbox 2980 3985 3274 4046; x_wconf 80' lang='lat' dir='ltr'><strong>propterea</strong></span> <span class='ocrx_word' id='word_1_667' title='bbox 3301 3991 3497 4031; x_wconf 85' lang='lat' dir='ltr'><strong>omnes</strong></span> 
     </span>
    </p>
   </div>
   <div class='ocr_carea' id='block_1_88' title="bbox 1895 4066 3500 4139">
    <p class='ocr_par' dir='ltr' id='par_1_88' title="bbox 1895 4066 3500 4139">
     <span class='ocr_line' id='line_1_89' title="bbox 1895 4066 3500 4139; baseline 0.003 -19"><span class='ocrx_word' id='word_1_668' title='bbox 1895 4066 2289 4123; x_wconf 66' lang='lat' dir='ltr'><strong>haereticorum</strong></span> <span class='ocrx_word' id='word_1_669' title='bbox 2322 4078 2502 4124; x_wconf 62' lang='lat' dir='ltr'><strong>coitus</strong></span> <span class='ocrx_word' id='word_1_670' title='bbox 2528 4110 2543 4136; x_wconf 91' lang='lat'><strong>,</strong></span> <span class='ocrx_word' id='word_1_671' title='bbox 2575 4068 2663 4123; x_wconf 87' lang='lat' dir='ltr'><strong>his</strong></span> <span class='ocrx_word' id='word_1_672' title='bbox 2698 4067 2934 4123; x_wconf 89' lang='lat' dir='ltr'><strong>involuti</strong></span> <span class='ocrx_word' id='word_1_673' title='bbox 2962 4107 2978 4132; x_wconf 93' lang='lat'><strong>,</strong></span> <span class='ocrx_word' id='word_1_674' title='bbox 3014 4075 3214 4139; x_wconf 89' lang='lat' dir='ltr'><strong>petunt</strong></span> <span class='ocrx_word' id='word_1_675' title='bbox 3262 4069 3500 4125; x_wconf 84' lang='lat' dir='ltr'><strong>diversis</strong></span> 
     </span>
    </p>
   </div>
   <div class='ocr_carea' id='block_1_89' title="bbox 1895 4159 3497 4232">
    <p class='ocr_par' dir='ltr' id='par_1_89' title="bbox 1895 4159 3497 4232">
     <span class='ocr_line' id='line_1_90' title="bbox 1895 4159 3497 4232; baseline 0 -19"><span class='ocrx_word' id='word_1_676' title='bbox 1895 4159 2246 4231; x_wconf 86' lang='lat' dir='ltr'><strong>temporibus</strong></span> <span class='ocrx_word' id='word_1_677' title='bbox 2283 4159 2527 4216; x_wconf 82' lang='lat' dir='ltr'><strong>obscure</strong></span> <span class='ocrx_word' id='word_1_678' title='bbox 2560 4161 2827 4230; x_wconf 89' lang='lat' dir='ltr'><strong>pietatem</strong></span> <span class='ocrx_word' id='word_1_679' title='bbox 2866 4171 3127 4232; x_wconf 87' lang='lat' dir='ltr'><strong>tanquam</strong></span> <span class='ocrx_word' id='word_1_680' title='bbox 3153 4174 3223 4214; x_wconf 78' lang='lat' dir='ltr'><strong>ex</strong></span> <span class='ocrx_word' id='word_1_681' title='bbox 3253 4160 3497 4226; x_wconf 69' lang='lat' dir='ltr'><strong>insidiis,</strong></span> 
     </span>
    </p>
   </div>
   <div class='ocr_carea' id='block_1_90' title="bbox 1894 4251 3500 4323">
    <p class='ocr_par' dir='ltr' id='par_1_90' title="bbox 1894 4251 3500 4323">
     <span class='ocr_line' id='line_1_91' title="bbox 1894 4251 3500 4323; baseline 0.001 -17"><span class='ocrx_word' id='word_1_682' title='bbox 1894 4267 2003 4323; x_wconf 88' lang='lat' dir='ltr'><strong>qua</strong></span> <span class='ocrx_word' id='word_1_683' title='bbox 2026 4262 2082 4306; x_wconf 90' lang='lat' dir='ltr'><strong>et</strong></span> <span class='ocrx_word' id='word_1_684' title='bbox 2102 4252 2219 4322; x_wconf 87' lang='lat' dir='ltr'><strong>ipse</strong></span> <span class='ocrx_word' id='word_1_685' title='bbox 2244 4266 2379 4307; x_wconf 87' lang='lat' dir='ltr'><strong>usus</strong></span> <span class='ocrx_word' id='word_1_686' title='bbox 2403 4267 2464 4308; x_wconf 87' lang='lat' dir='ltr'><strong>es</strong></span> <span class='ocrx_word' id='word_1_687' title='bbox 2481 4253 2713 4308; x_wconf 83' lang='lat' dir='ltr'><strong>audacia</strong></span> <span class='ocrx_word' id='word_1_688' title='bbox 2730 4261 2786 4310; x_wconf 87' lang='lat' dir='ltr'><strong>et</strong></span> <span class='ocrx_word' id='word_1_689' title='bbox 2805 4251 3046 4309; x_wconf 89' lang='lat' dir='ltr'><strong>dicendo</strong></span> <span class='ocrx_word' id='word_1_690' title='bbox 3088 4261 3146 4308; x_wconf 88' lang='lat' dir='ltr'><strong>et</strong></span> <span class='ocrx_word' id='word_1_691' title='bbox 3199 4253 3500 4308; x_wconf 82' lang='lat' dir='ltr'><strong>scribendo</strong></span> 
     </span>
    </p>
   </div>
   <div class='ocr_carea' id='block_1_91' title="bbox 1895 4343 3497 4415">
    <p class='ocr_par' dir='ltr' id='par_1_91' title="bbox 1895 4343 3497 4415">
     <span class='ocr_line' id='line_1_92' title="bbox 1895 4343 3497 4415; baseline -0.002 -13"><span class='ocrx_word' id='word_1_692' title='bbox 1895 4348 2125 4402; x_wconf 89' lang='lat' dir='ltr'><strong>omnino</strong></span> <span class='ocrx_word' id='word_1_693' title='bbox 2180 4345 2422 4401; x_wconf 85' lang='lat' dir='ltr'><strong>maxime</strong></span> <span class='ocrx_word' id='word_1_694' title='bbox 2495 4357 2688 4401; x_wconf 90' lang='lat' dir='ltr'><strong>contra</strong></span> <span class='ocrx_word' id='word_1_695' title='bbox 2759 4343 3017 4415; x_wconf 79' lang='lat' dir='ltr'><strong>dogmata</strong></span> <span class='ocrx_word' id='word_1_696' title='bbox 3073 4345 3257 4400; x_wconf 89' lang='lat' dir='ltr'><strong>divina</strong></span> <span class='ocrx_word' id='word_1_697' title='bbox 3312 4347 3497 4400; x_wconf 81' lang='lat' dir='ltr'><strong>omnia</strong></span> 
     </span>
    </p>
   </div>
   <div class='ocr_carea' id='block_1_92' title="bbox 1881 4425 3498 4510">
    <p class='ocr_par' dir='ltr' id='par_1_92' title="bbox 1881 4425 3498 4510">
     <span class='ocr_line' id='line_1_93' title="bbox 1881 4425 3498 4510; baseline 0 -17"><span class='ocrx_word' id='word_1_698' title='bbox 1881 4425 2008 4501; x_wconf 78' lang='lat' dir='ltr'><strong>illa,</strong></span> <span class='ocrx_word' id='word_1_699' title='bbox 2040 4453 2103 4493; x_wconf 88' lang='lat' dir='ltr'><strong>ac</strong></span> <span class='ocrx_word' id='word_1_700' title='bbox 2136 4452 2316 4506; x_wconf 88' lang='lat' dir='ltr'><strong>neque</strong></span> <span class='ocrx_word' id='word_1_701' title='bbox 2352 4447 2672 4507; x_wconf 83' lang='lat' dir='ltr'><strong>pascentem</strong></span> <span class='ocrx_word' id='word_1_702' title='bbox 2711 4439 2900 4492; x_wconf 86' lang='lat' dir='ltr'><strong>omnia</strong></span> <span class='ocrx_word' id='word_1_703' title='bbox 2922 4437 3055 4493; x_wconf 83' lang='lat' dir='ltr'><strong>solis</strong></span> <span class='ocrx_word' id='word_1_704' title='bbox 3093 4438 3299 4509; x_wconf 81' lang='lat' dir='ltr'><strong>ignem,</strong></span> <span class='ocrx_word' id='word_1_705' title='bbox 3331 4454 3498 4510; x_wconf 87' lang='lat' dir='ltr'><strong>quem</strong></span> 
     </span>
    </p>
   </div>
   <div class='ocr_carea' id='block_1_93' title="bbox 207 4527 1785 4602">
    <p class='ocr_par' dir='ltr' id='par_1_93' title="bbox 207 4528 1785 4601">
     <span class='ocr_line' id='line_1_94' title="bbox 207 4528 1785 4601; baseline 0.003 -21"><span class='ocrx_word' id='word_1_706' title='bbox 207 4545 424 4598; x_wconf 84' lang='grc' dir='ltr'>μηματι</span> <span class='ocrx_word' id='word_1_707' title='bbox 452 4528 768 4583; x_wconf 81' lang='grc' dir='ltr'>παντάπασι</span> <span class='ocrx_word' id='word_1_708' title='bbox 807 4531 949 4584; x_wconf 78' lang='grc' dir='ltr'><strong>κατᾶ</strong></span> <span class='ocrx_word' id='word_1_709' title='bbox 995 4531 1104 4584; x_wconf 83' lang='grc' dir='ltr'><strong>τῶν</strong></span> <span class='ocrx_word' id='word_1_710' title='bbox 1136 4530 1298 4584; x_wconf 81' lang='grc' dir='ltr'>θείων</span> <span class='ocrx_word' id='word_1_711' title='bbox 1326 4531 1617 4600; x_wconf 83' lang='grc' dir='ltr'>δογμάτων</span> <span class='ocrx_word' id='word_1_712' title='bbox 1642 4533 1785 4601; x_wconf 83' lang='grc' dir='ltr'>μάλι-</span> 
     </span>
    </p>
   </div>
   <div class='ocr_carea' id='block_1_94' title="bbox 1890 4527 3502 4602">
    <p class='ocr_par' dir='ltr' id='par_1_94' title="bbox 1907 4529 3502 4602">
     <span class='ocr_line' id='line_1_95' title="bbox 1907 4529 3502 4602; baseline 0.001 -16"><span class='ocrx_word' id='word_1_713' title='bbox 1907 4541 2104 4595; x_wconf 87' lang='lat' dir='ltr'><strong>testem</strong></span> <span class='ocrx_word' id='word_1_714' title='bbox 2141 4531 2310 4585; x_wconf 76' lang='lat' dir='ltr'><strong>habes</strong></span> <span class='ocrx_word' id='word_1_715' title='bbox 2354 4531 2642 4600; x_wconf 85' lang='lat' dir='ltr'><strong>pravitatis</strong></span> <span class='ocrx_word' id='word_1_716' title='bbox 2683 4541 2812 4598; x_wconf 67' lang='lat' dir='ltr'><strong>tuae,</strong></span> <span class='ocrx_word' id='word_1_717' title='bbox 2847 4529 3062 4588; x_wconf 88' lang='lat' dir='ltr'><strong>vereris</strong></span> <span class='ocrx_word' id='word_1_718' title='bbox 3087 4574 3102 4597; x_wconf 93' lang='lat'><strong>,</strong></span> <span class='ocrx_word' id='word_1_719' title='bbox 3135 4546 3321 4602; x_wconf 87' lang='lat' dir='ltr'><strong>neque</strong></span> <span class='ocrx_word' id='word_1_720' title='bbox 3365 4532 3502 4587; x_wconf 80' lang='lat' dir='ltr'><strong>solis</strong></span> 
     </span>
    </p>
   </div>
   <div class='ocr_carea' id='block_1_95' title="bbox 203 4621 1785 4694">
    <p class='ocr_par' dir='ltr' id='par_1_95' title="bbox 203 4621 1785 4694">
     <span class='ocr_line' id='line_1_96' title="bbox 203 4621 1785 4694; baseline 0.001 -18"><span class='ocrx_word' id='word_1_721' title='bbox 203 4621 531 4677; x_wconf 82' lang='grc' dir='ltr'>σταπάντων</span> <span class='ocrx_word' id='word_1_722' title='bbox 548 4622 798 4689; x_wconf 81' lang='grc' dir='ltr'>ἐκείνων,</span> <span class='ocrx_word' id='word_1_723' title='bbox 812 4625 904 4676; x_wconf 83' lang='grc' dir='ltr'>καὶ</span> <span class='ocrx_word' id='word_1_724' title='bbox 933 4621 1056 4677; x_wconf 80' lang='grc' dir='ltr'>οὔτε</span> <span class='ocrx_word' id='word_1_725' title='bbox 1072 4623 1174 4694; x_wconf 80' lang='grc' dir='ltr'>τὴν</span> <span class='ocrx_word' id='word_1_726' title='bbox 1192 4625 1262 4677; x_wconf 73' lang='grc' dir='ltr'>τὰ</span> <span class='ocrx_word' id='word_1_727' title='bbox 1278 4624 1462 4678; x_wconf 85' lang='grc' dir='ltr'>πάντα</span> <span class='ocrx_word' id='word_1_728' title='bbox 1481 4623 1785 4694; x_wconf 83' lang='grc' dir='ltr'>βόσκουσαν</span> 
     </span>
    </p>
   </div>
   <div class='ocr_carea' id='block_1_96' title="bbox 202 4717 1871 4791">
    <p class='ocr_par' dir='ltr' id='par_1_96' title="bbox 202 4717 1871 4791">
     <span class='ocr_line' id='line_1_97' title="bbox 202 4717 1871 4791; baseline 0.003 -25"><span class='ocrx_word' id='word_1_729' title='bbox 202 4719 356 4791; x_wconf 63' lang='grc' dir='ltr'>ἡλίου</span> <span class='ocrx_word' id='word_1_730' title='bbox 383 4718 555 4788; x_wconf 75' lang='grc' dir='ltr'>ιρλόγα</span> <span class='ocrx_word' id='word_1_731' title='bbox 589 4718 846 4789; x_wconf 80' lang='grc' dir='ltr'>μάρτυρα</span> <span class='ocrx_word' id='word_1_732' title='bbox 876 4720 975 4788; x_wconf 79' lang='grc' dir='ltr'><strong>τῆς</strong></span> <span class='ocrx_word' id='word_1_733' title='bbox 1000 4719 1275 4789; x_wconf 81' lang='grc' dir='ltr'>πονηρίας</span> <span class='ocrx_word' id='word_1_734' title='bbox 1294 4717 1433 4790; x_wconf 71' lang='grc' dir='ltr'>ἔχων</span> <span class='ocrx_word' id='word_1_735' title='bbox 1459 4719 1720 4791; x_wconf 75' lang='grc' dir='ltr'>αἰσχύνῃ,</span> <span class='ocrx_word' id='word_1_736' title='bbox 1746 4717 1871 4773; x_wconf 74' lang='grc' dir='ltr'>οὐτε</span> 
     </span>
    </p>
   </div>
   <div class='ocr_carea' id='block_1_97' title="bbox 280 4807 1796 4883">
    <p class='ocr_par' dir='ltr' id='par_1_97' title="bbox 280 4807 1796 4883">
     <span class='ocr_line' id='line_1_98' title="bbox 280 4807 1796 4883; baseline 0.001 -18"><span class='ocrx_word' id='word_1_737' title='bbox 280 4810 378 4866; x_wconf 74' lang='grc' dir='ltr'>π’.</span> <span class='ocrx_word' id='word_1_738' title='bbox 404 4813 514 4868; x_wconf 76' lang='lat' dir='ltr'><strong>Kal</strong></span> <span class='ocrx_word' id='word_1_739' title='bbox 540 4811 628 4865; x_wconf 79' lang='grc' dir='ltr'><strong>ἵνα</strong></span> <span class='ocrx_word' id='word_1_740' title='bbox 651 4828 712 4865; x_wconf 84' lang='grc' dir='ltr'><strong>σε</strong></span> <span class='ocrx_word' id='word_1_741' title='bbox 736 4813 830 4866; x_wconf 80' lang='grc' dir='ltr'>καὶ</span> <span class='ocrx_word' id='word_1_742' title='bbox 872 4812 974 4883; x_wconf 77' lang='grc' dir='ltr'><strong>τὴν</strong></span> <span class='ocrx_word' id='word_1_743' title='bbox 999 4812 1098 4880; x_wconf 78' lang='grc' dir='ltr'>τῆς</span> <span class='ocrx_word' id='word_1_744' title='bbox 1132 4807 1418 4881; x_wconf 63' lang='grc' dir='ltr'>ἐνεργείας</span> <span class='ocrx_word' id='word_1_745' title='bbox 1445 4812 1648 4877; x_wconf 78' lang='grc' dir='ltr'>διδάξω</span> <span class='ocrx_word' id='word_1_746' title='bbox 1679 4830 1796 4882; x_wconf 82' lang='grc' dir='ltr'><strong>φω-</strong></span> 
     </span>
    </p>
   </div>
   <div class='ocr_carea' id='block_1_98' title="bbox 202 4887 1791 4978">
    <p class='ocr_par' dir='ltr' id='par_1_98' title="bbox 202 4887 1791 4978">
     <span class='ocr_line' id='line_1_99' title="bbox 202 4887 1791 4978; baseline 0 -20"><span class='ocrx_word' id='word_1_747' title='bbox 202 4906 303 4975; x_wconf 77' lang='grc' dir='ltr'>νὴν</span> <span class='ocrx_word' id='word_1_748' title='bbox 331 4887 498 4958; x_wconf 71' lang='grc' dir='ltr'>οὖσαν</span> <span class='ocrx_word' id='word_1_749' title='bbox 527 4903 732 4971; x_wconf 79' lang='grc' dir='ltr'>μᾶλλον</span> <span class='ocrx_word' id='word_1_750' title='bbox 759 4903 873 4956; x_wconf 85' lang='grc' dir='ltr'>τῶν</span> <span class='ocrx_word' id='word_1_751' title='bbox 900 4904 1218 4973; x_wconf 81' lang='grc' dir='ltr'>ὁμωνύμων</span> <span class='ocrx_word' id='word_1_752' title='bbox 1254 4904 1448 4976; x_wconf 79' lang='grc' dir='ltr'>αὐτὴν,</span> <span class='ocrx_word' id='word_1_753' title='bbox 1486 4904 1552 4978; x_wconf 75' lang='grc' dir='ltr'>[ί.</span> <span class='ocrx_word' id='word_1_754' title='bbox 1586 4905 1692 4960; x_wconf 74' lang='lat' dir='ltr'><strong>MO</strong></span> <span class='ocrx_word' id='word_1_755' title='bbox 1718 4903 1791 4978; x_wconf 91' lang='lat' dir='ltr'><strong>r.]</strong></span> 
     </span>
    </p>
   </div>
   <div class='ocr_carea' id='block_1_99' title="bbox 205 4995 1795 5068">
    <p class='ocr_par' dir='ltr' id='par_1_99' title="bbox 205 4995 1795 5068">
     <span class='ocr_line' id='line_1_100' title="bbox 205 4995 1795 5068; baseline -0.001 -16"><span class='ocrx_word' id='word_1_756' title='bbox 205 5002 301 5053; x_wconf 75' lang='grc' dir='ltr'><strong>καὶ</strong></span> <span class='ocrx_word' id='word_1_757' title='bbox 329 4997 759 5068; x_wconf 72' lang='grc' dir='ltr'>λαμεανομὲνην</span> <span class='ocrx_word' id='word_1_758' title='bbox 810 4999 906 5050; x_wconf 81' lang='grc' dir='ltr'>καὶ</span> <span class='ocrx_word' id='word_1_759' title='bbox 955 4997 1044 5050; x_wconf 84' lang='grc' dir='ltr'>ἐπ’</span> <span class='ocrx_word' id='word_1_760' title='bbox 1081 4995 1260 5050; x_wconf 79' lang='grc' dir='ltr'>ἄλλων</span> <span class='ocrx_word' id='word_1_761' title='bbox 1313 4998 1438 5067; x_wconf 81' lang='grc' dir='ltr'>μὲν.</span> <span class='ocrx_word' id='word_1_762' title='bbox 1471 4998 1610 5053; x_wconf 72' lang='grc' dir='ltr'><strong>ἀλλὰ</strong></span> <span class='ocrx_word' id='word_1_763' title='bbox 1655 4999 1795 5051; x_wconf 73' lang='grc' dir='ltr'>κάπὶ</span> 
     </span>
    </p>
   </div>
   <div class='ocr_carea' id='block_1_100' title="bbox 203 5086 1794 5157">
    <p class='ocr_par' dir='ltr' id='par_1_100' title="bbox 203 5086 1794 5157">
     <span class='ocr_line' id='line_1_101' title="bbox 203 5086 1794 5157; baseline -0.001 -15"><span class='ocrx_word' id='word_1_764' title='bbox 203 5089 304 5157; x_wconf 79' lang='grc' dir='ltr'>τῆς</span> <span class='ocrx_word' id='word_1_765' title='bbox 335 5088 490 5151; x_wconf 82' lang='grc' dir='ltr'>Θείας</span> <span class='ocrx_word' id='word_1_766' title='bbox 517 5088 732 5157; x_wconf 81' lang='grc' dir='ltr'>ἐκείνης</span> <span class='ocrx_word' id='word_1_767' title='bbox 759 5089 856 5140; x_wconf 77' lang='grc' dir='ltr'>καὶ</span> <span class='ocrx_word' id='word_1_768' title='bbox 890 5087 1172 5156; x_wconf 74' lang='grc' dir='ltr'>μακαρίας</span> <span class='ocrx_word' id='word_1_769' title='bbox 1205 5087 1396 5150; x_wconf 85' lang='grc' dir='ltr'>οὐσίας</span> <span class='ocrx_word' id='word_1_770' title='bbox 1423 5089 1519 5142; x_wconf 75' lang='grc' dir='ltr'>καὶ</span> <span class='ocrx_word' id='word_1_771' title='bbox 1553 5086 1794 5154; x_wconf 86' lang='grc' dir='ltr'>φύσεως,</span> 
     </span>
    </p>
   </div>
   <div class='ocr_carea' id='block_1_101' title="bbox 200 5179 1796 5251">
    <p class='ocr_par' dir='ltr' id='par_1_101' title="bbox 200 5179 1796 5251">
     <span class='ocr_line' id='line_1_102' title="bbox 200 5179 1796 5251; baseline -0.002 -16"><span class='ocrx_word' id='word_1_772' title='bbox 200 5186 333 5235; x_wconf 78' lang='grc' dir='ltr'>ὅταν</span> <span class='ocrx_word' id='word_1_773' title='bbox 386 5180 858 5251; x_wconf 83' lang='grc' dir='ltr'>ἀπροσδιορίστως</span> <span class='ocrx_word' id='word_1_774' title='bbox 917 5180 1169 5250; x_wconf 73' lang='grc' dir='ltr'>λέγηται,</span> <span class='ocrx_word' id='word_1_775' title='bbox 1218 5179 1314 5233; x_wconf 84' lang='grc' dir='ltr'><strong>τοῦ</strong></span> <span class='ocrx_word' id='word_1_776' title='bbox 1371 5181 1521 5233; x_wconf 83' lang='grc' dir='ltr'>Θείου</span> <span class='ocrx_word' id='word_1_777' title='bbox 1573 5180 1796 5249; x_wconf 80' lang='grc' dir='ltr'>πρῶτον</span> 
     </span>
    </p>
   </div>
   <div class='ocr_carea' id='block_1_102' title="bbox 201 5269 1797 5342">
    <p class='ocr_par' dir='ltr' id='par_1_102' title="bbox 201 5269 1797 5342">
     <span class='ocr_line' id='line_1_103' title="bbox 201 5269 1797 5342; baseline 0 -16"><span class='ocrx_word' id='word_1_778' title='bbox 201 5273 370 5327; x_wconf 69' lang='grc' dir='ltr'>ἄκουε</span> <span class='ocrx_word' id='word_1_779' title='bbox 412 5271 693 5342; x_wconf 77' lang='grc' dir='ltr'>Μαξίμου·</span> <span class='ocrx_word' id='word_1_780' title='bbox 728 5290 747 5324; x_wconf 79' lang='grc' dir='ltr'><strong>ι</strong></span> <span class='ocrx_word' id='word_1_781' title='bbox 787 5271 854 5325; x_wconf 89' lang='grc' dir='ltr'>Ἤ</span> <span class='ocrx_word' id='word_1_782' title='bbox 889 5271 1454 5342; x_wconf 78' lang='grc' dir='ltr'>αὐτοῦπεραγαθότης</span> <span class='ocrx_word' id='word_1_783' title='bbox 1498 5271 1626 5337; x_wconf 89' lang='grc' dir='ltr'>νοῦς</span> <span class='ocrx_word' id='word_1_784' title='bbox 1659 5269 1797 5326; x_wconf 76' lang='grc' dir='ltr'>οὖσα</span> 
     </span>
    </p>
   </div>
   <div class='ocr_carea' id='block_1_103' title="bbox 202 5363 1797 5436">
    <p class='ocr_par' dir='ltr' id='par_1_103' title="bbox 202 5363 1797 5436">
     <span class='ocr_line' id='line_1_104' title="bbox 202 5363 1797 5436; baseline -0.003 -14"><span class='ocrx_word' id='word_1_785' title='bbox 202 5371 301 5422; x_wconf 78' lang='grc' dir='ltr'><strong>καὶ</strong></span> <span class='ocrx_word' id='word_1_786' title='bbox 332 5366 431 5435; x_wconf 71' lang='grc' dir='ltr'><strong>ὅλη</strong></span> <span class='ocrx_word' id='word_1_787' title='bbox 485 5369 737 5436; x_wconf 78' lang='grc' dir='ltr'>ἐνέργεια</span> <span class='ocrx_word' id='word_1_788' title='bbox 786 5368 867 5430; x_wconf 90' lang='grc' dir='ltr'><strong>είς</strong></span> <span class='ocrx_word' id='word_1_789' title='bbox 900 5363 1102 5432; x_wconf 70' lang='grc' dir='ltr'>ἑαυτὴν</span> <span class='ocrx_word' id='word_1_790' title='bbox 1135 5364 1498 5435; x_wconf 81' lang='grc' dir='ltr'>ἐστραμμὲνη</span> <span class='ocrx_word' id='word_1_791' title='bbox 1526 5365 1797 5435; x_wconf 62' lang='grc' dir='ltr'>ἐνέργειά</span> 
     </span>
    </p>
   </div>
   <div class='ocr_carea' id='block_1_104' title="bbox 206 5455 1796 5529">
    <p class='ocr_par' dir='ltr' id='par_1_104' title="bbox 206 5455 1796 5529">
     <span class='ocr_line' id='line_1_105' title="bbox 206 5455 1796 5529; baseline -0.001 -15"><span class='ocrx_word' id='word_1_792' title='bbox 206 5465 378 5523; x_wconf 82' lang='grc' dir='ltr'>ἐστιν,</span> <span class='ocrx_word' id='word_1_793' title='bbox 408 5461 473 5513; x_wconf 87' lang='grc' dir='ltr'><strong>οὐ</strong></span> <span class='ocrx_word' id='word_1_794' title='bbox 521 5460 750 5528; x_wconf 72' lang='grc' dir='ltr'>δυνάμει</span> <span class='ocrx_word' id='word_1_795' title='bbox 802 5463 1075 5528; x_wconf 75' lang='grc' dir='ltr'>πρότερον</span> <span class='ocrx_word' id='word_1_796' title='bbox 1134 5456 1270 5511; x_wconf 78' lang='grc' dir='ltr'>οὖσα</span> <span class='ocrx_word' id='word_1_797' title='bbox 1305 5457 1616 5529; x_wconf 81' lang='grc' dir='ltr'>ἀφροσύνη,</span> <span class='ocrx_word' id='word_1_798' title='bbox 1675 5455 1796 5512; x_wconf 76' lang='grc' dir='ltr'>εἷτα</span> 
     </span>
    </p>
   </div>
   <div class='ocr_carea' id='block_1_105' title="bbox 203 5549 1794 5622">
    <p class='ocr_par' dir='ltr' id='par_1_105' title="bbox 203 5549 1794 5622">
     <span class='ocr_line' id='line_1_106' title="bbox 203 5549 1794 5622; baseline 0.001 -19"><span class='ocrx_word' id='word_1_799' title='bbox 203 5549 331 5612; x_wconf 86' lang='grc' dir='ltr'>νοῦς</span> <span class='ocrx_word' id='word_1_800' title='bbox 362 5550 616 5622; x_wconf 71' lang='grc' dir='ltr'>ἐνεργείᾳ</span> <span class='ocrx_word' id='word_1_801' title='bbox 642 5551 938 5621; x_wconf 78' lang='grc' dir='ltr'>γενομένη.</span> <span class='ocrx_word' id='word_1_802' title='bbox 988 5549 1154 5604; x_wconf 85' lang='grc' dir='ltr'>Ὀοεν</span> <span class='ocrx_word' id='word_1_803' title='bbox 1193 5550 1287 5603; x_wconf 71' lang='grc' dir='ltr'><strong>καὶ</strong></span> <span class='ocrx_word' id='word_1_804' title='bbox 1310 5549 1436 5614; x_wconf 88' lang='grc' dir='ltr'>νοῦς</span> <span class='ocrx_word' id='word_1_805' title='bbox 1473 5552 1593 5604; x_wconf 80' lang='grc' dir='ltr'>ἐστι</span> <span class='ocrx_word' id='word_1_806' title='bbox 1627 5551 1794 5620; x_wconf 86' lang='grc' dir='ltr'>μόνος</span> 
     </span>
    </p>
   </div>
   <div class='ocr_carea' id='block_1_106' title="bbox 205 5641 1796 5714">
    <p class='ocr_par' dir='ltr' id='par_1_106' title="bbox 205 5641 1796 5714">
     <span class='ocr_line' id='line_1_107' title="bbox 205 5641 1796 5714; baseline 0.002 -19"><span class='ocrx_word' id='word_1_807' title='bbox 205 5642 468 5712; x_wconf 79' lang='grc' dir='ltr'>καθαρὸς,</span> <span class='ocrx_word' id='word_1_808' title='bbox 502 5642 604 5695; x_wconf 84' lang='grc' dir='ltr'><strong>οὐκ</strong></span> <span class='ocrx_word' id='word_1_809' title='bbox 627 5643 921 5714; x_wconf 81' lang='grc' dir='ltr'>ἐπίκτητον</span> <span class='ocrx_word' id='word_1_810' title='bbox 952 5641 1092 5712; x_wconf 76' lang='grc' dir='ltr'>ἔχων</span> <span class='ocrx_word' id='word_1_811' title='bbox 1117 5643 1178 5695; x_wconf 83' lang='grc' dir='ltr'><strong>τὸ</strong></span> <span class='ocrx_word' id='word_1_812' title='bbox 1211 5647 1452 5713; x_wconf 80' lang='grc' dir='ltr'>φρονεῖν,</span> <span class='ocrx_word' id='word_1_813' title='bbox 1487 5644 1625 5698; x_wconf 74' lang='grc' dir='ltr'>ἀλλὰ</span> <span class='ocrx_word' id='word_1_814' title='bbox 1663 5645 1796 5714; x_wconf 82' lang='grc' dir='ltr'>παρ’</span> 
     </span>
    </p>
   </div>
   <div class='ocr_carea' id='block_1_107' title="bbox 204 5736 1791 5808">
    <p class='ocr_par' dir='ltr' id='par_1_107' title="bbox 204 5736 1791 5808">
     <span class='ocr_line' id='line_1_108' title="bbox 204 5736 1791 5808; baseline -0.002 -18"><span class='ocrx_word' id='word_1_815' title='bbox 204 5737 402 5790; x_wconf 72' lang='grc' dir='ltr'>ἑαυτοῦ</span> <span class='ocrx_word' id='word_1_816' title='bbox 433 5738 650 5798; x_wconf 82' lang='grc' dir='ltr'>πάντως</span> <span class='ocrx_word' id='word_1_817' title='bbox 677 5741 810 5791; x_wconf 81' lang='grc' dir='ltr'>νοεῖ.</span> <span class='ocrx_word' id='word_1_818' title='bbox 839 5737 899 5790; x_wconf 64' lang='lat' dir='ltr'><strong>lii</strong></span> <span class='ocrx_word' id='word_1_819' title='bbox 930 5739 1040 5807; x_wconf 69' lang='grc' dir='ltr'>γὰρ</span> <span class='ocrx_word' id='word_1_820' title='bbox 1074 5737 1106 5806; x_wconf 79' lang='grc' dir='ltr'><strong>ἠ</strong></span> <span class='ocrx_word' id='word_1_821' title='bbox 1131 5737 1232 5804; x_wconf 83' lang='grc' dir='ltr'><strong>μέν</strong></span> <span class='ocrx_word' id='word_1_822' title='bbox 1261 5737 1422 5790; x_wconf 85' lang='grc' dir='ltr'>οὐσία</span> <span class='ocrx_word' id='word_1_823' title='bbox 1454 5736 1622 5790; x_wconf 83' lang='grc' dir='ltr'>αὐτοῦ</span> <span class='ocrx_word' id='word_1_824' title='bbox 1655 5737 1791 5808; x_wconf 75' lang='grc' dir='ltr'><strong>ἄλλη</strong></span> 
     </span>
    </p>
   </div>
   <div class='ocr_carea' id='block_1_108' title="bbox 205 5825 1792 5904">
    <p class='ocr_par' dir='ltr' id='par_1_108' title="bbox 205 5825 1792 5904">
     <span class='ocr_line' id='line_1_109' title="bbox 205 5825 1792 5904; baseline 0.001 -20"><span class='ocrx_word' id='word_1_825' title='bbox 205 5831 378 5898; x_wconf 72' lang='grc' dir='ltr'>ἐστὶν,</span> <span class='ocrx_word' id='word_1_826' title='bbox 414 5829 452 5884; x_wconf 73' lang='grc' dir='ltr'>ἃ</span> <span class='ocrx_word' id='word_1_827' title='bbox 481 5830 537 5884; x_wconf 76' lang='grc' dir='ltr'><strong>δέ</strong></span> <span class='ocrx_word' id='word_1_828' title='bbox 565 5832 676 5884; x_wconf 80' lang='grc' dir='ltr'>νοεῖ</span> <span class='ocrx_word' id='word_1_829' title='bbox 703 5831 868 5904; x_wconf 71' lang='grc' dir='ltr'>ἔτερα</span> <span class='ocrx_word' id='word_1_830' title='bbox 911 5825 1078 5886; x_wconf 80' lang='grc' dir='ltr'>αὐτοῦ</span> <span class='ocrx_word' id='word_1_831' title='bbox 1111 5833 1282 5896; x_wconf 76' lang='grc' dir='ltr'>ἐστιν,</span> <span class='ocrx_word' id='word_1_832' title='bbox 1315 5830 1545 5902; x_wconf 80' lang='grc' dir='ltr'>ἀνόητος</span> <span class='ocrx_word' id='word_1_833' title='bbox 1571 5829 1727 5886; x_wconf 75' lang='grc' dir='ltr'>ἔσται</span> <span class='ocrx_word' id='word_1_834' title='bbox 1758 5835 1792 5904; x_wconf 78' lang='grc' dir='ltr'><strong>η</strong></span> 
     </span>
    </p>
   </div>
   <div class='ocr_carea' id='block_1_109' title="bbox 1898 4622 3159 4695">
    <p class='ocr_par' dir='ltr' id='par_1_109' title="bbox 1898 4622 3159 4695">
     <span class='ocr_line' id='line_1_110' title="bbox 1898 4622 3159 4695; baseline 0 -15"><span class='ocrx_word' id='word_1_835' title='bbox 1898 4639 2027 4680; x_wconf 76' lang='lat' dir='ltr'><strong>crea</strong></span> <span class='ocrx_word' id='word_1_836' title='bbox 2054 4638 2208 4678; x_wconf 89' lang='lat' dir='ltr'><strong>orem</strong></span> <span class='ocrx_word' id='word_1_837' title='bbox 2261 4639 2442 4693; x_wconf 89' lang='lat' dir='ltr'><strong>neque</strong></span> <span class='ocrx_word' id='word_1_838' title='bbox 2473 4622 2763 4680; x_wconf 87' lang='lat' dir='ltr'><strong>hominum</strong></span> <span class='ocrx_word' id='word_1_839' title='bbox 2804 4639 3159 4695; x_wconf 83' lang='lat' dir='ltr'><strong>quemquam.</strong></span> 
     </span>
    </p>
   </div>
   <div class='ocr_carea' id='block_1_110' title="bbox 1895 4715 3495 4791">
    <p class='ocr_par' dir='ltr' id='par_1_110' title="bbox 1895 4715 3495 4791">
     <span class='ocr_line' id='line_1_111' title="bbox 1895 4715 3495 4791; baseline 0.005 -21"><span class='ocrx_word' id='word_1_840' title='bbox 1895 4719 2004 4791; x_wconf 84' lang='grc' dir='ltr'>μὴν</span> <span class='ocrx_word' id='word_1_841' title='bbox 2021 4717 2114 4770; x_wconf 76' lang='grc' dir='ltr'><strong>τὸν</strong></span> <span class='ocrx_word' id='word_1_842' title='bbox 2131 4715 2225 4772; x_wconf 88' lang='grc' dir='ltr'><strong>τοῦ</strong></span> <span class='ocrx_word' id='word_1_843' title='bbox 2250 4716 2406 4787; x_wconf 76' lang='grc' dir='ltr'>ἡλίου</span> <span class='ocrx_word' id='word_1_844' title='bbox 2430 4717 2777 4788; x_wconf 68' lang='grc' dir='ltr'>δημιουργὸν</span> <span class='ocrx_word' id='word_1_845' title='bbox 2794 4716 2912 4772; x_wconf 72' lang='grc' dir='ltr'>οὒτ’</span> <span class='ocrx_word' id='word_1_846' title='bbox 2937 4718 3244 4791; x_wconf 77' lang='grc' dir='ltr'>ἀνθρώπων</span> <span class='ocrx_word' id='word_1_847' title='bbox 3276 4721 3495 4778; x_wconf 72' lang='grc' dir='ltr'>οὐδένα.</span> 
     </span>
    </p>
   </div>
   <div class='ocr_carea' id='block_1_111' title="bbox 1965 4809 3499 4869">
    <p class='ocr_par' dir='ltr' id='par_1_111' title="bbox 1965 4809 3499 4869">
     <span class='ocr_line' id='line_1_112' title="bbox 1965 4809 3499 4869; baseline 0.002 -3"><span class='ocrx_word' id='word_1_848' title='bbox 1965 4809 2107 4866; x_wconf 83' lang='lat' dir='ltr'><strong>Xlll.</strong></span> <span class='ocrx_word' id='word_1_849' title='bbox 2143 4811 2210 4866; x_wconf 88' lang='lat' dir='ltr'><strong>Et</strong></span> <span class='ocrx_word' id='word_1_850' title='bbox 2251 4820 2311 4864; x_wconf 91' lang='lat' dir='ltr'><strong>ut</strong></span> <span class='ocrx_word' id='word_1_851' title='bbox 2345 4821 2396 4866; x_wconf 88' lang='lat' dir='ltr'><strong>te</strong></span> <span class='ocrx_word' id='word_1_852' title='bbox 2424 4812 2594 4865; x_wconf 87' lang='lat' dir='ltr'><strong>etiam</strong></span> <span class='ocrx_word' id='word_1_853' title='bbox 2628 4810 2938 4868; x_wconf 72' lang='lat' dir='ltr'><strong>efficientia:</strong></span> <span class='ocrx_word' id='word_1_854' title='bbox 2982 4811 3246 4868; x_wconf 82' lang='lat' dir='ltr'><strong>edoceam</strong></span> <span class='ocrx_word' id='word_1_855' title='bbox 3303 4831 3499 4869; x_wconf 82' lang='lat' dir='ltr'><strong>vocem</strong></span> 
     </span>
    </p>
   </div>
   <div class='ocr_carea' id='block_1_112' title="bbox 1894 4901 3500 4973">
    <p class='ocr_par' dir='ltr' id='par_1_112' title="bbox 1894 4901 3500 4973">
     <span class='ocr_line' id='line_1_113' title="bbox 1894 4901 3500 4973; baseline 0.002 -15"><span class='ocrx_word' id='word_1_856' title='bbox 1894 4919 2017 4959; x_wconf 84' lang='lat' dir='ltr'><strong>esse</strong></span> <span class='ocrx_word' id='word_1_857' title='bbox 2051 4902 2221 4973; x_wconf 77' lang='lat' dir='ltr'><strong>magis</strong></span> <span class='ocrx_word' id='word_1_858' title='bbox 2245 4901 2572 4956; x_wconf 85' lang='lat' dir='ltr'><strong>eorumdem</strong></span> <span class='ocrx_word' id='word_1_859' title='bbox 2601 4903 2890 4956; x_wconf 89' lang='lat' dir='ltr'><strong>nominum</strong></span> <span class='ocrx_word' id='word_1_860' title='bbox 2922 4901 3122 4973; x_wconf 88' lang='lat' dir='ltr'><strong>ipsam,</strong></span> <span class='ocrx_word' id='word_1_861' title='bbox 3150 4911 3206 4958; x_wconf 90' lang='lat' dir='ltr'><strong>et</strong></span> <span class='ocrx_word' id='word_1_862' title='bbox 3237 4909 3500 4972; x_wconf 78' lang='lat' dir='ltr'><strong>usui-pari</strong></span> 
     </span>
    </p>
   </div>
   <div class='ocr_carea' id='block_1_113' title="bbox 1894 4993 3501 5064">
    <p class='ocr_par' dir='ltr' id='par_1_113' title="bbox 1894 4993 3501 5064">
     <span class='ocr_line' id='line_1_114' title="bbox 1894 4993 3501 5064; baseline -0.001 -14"><span class='ocrx_word' id='word_1_863' title='bbox 1894 5005 1951 5050; x_wconf 89' lang='lat' dir='ltr'><strong>et</strong></span> <span class='ocrx_word' id='word_1_864' title='bbox 1980 4995 2037 5050; x_wconf 93' lang='lat' dir='ltr'><strong>in</strong></span> <span class='ocrx_word' id='word_1_865' title='bbox 2069 4995 2196 5050; x_wconf 88' lang='lat' dir='ltr'><strong>aliis</strong></span> <span class='ocrx_word' id='word_1_866' title='bbox 2225 4993 2474 5064; x_wconf 88' lang='lat' dir='ltr'><strong>quidem,</strong></span> <span class='ocrx_word' id='word_1_867' title='bbox 2495 4994 2590 5049; x_wconf 87' lang='lat' dir='ltr'><strong>sed</strong></span> <span class='ocrx_word' id='word_1_868' title='bbox 2622 5003 2677 5049; x_wconf 90' lang='lat' dir='ltr'><strong>et</strong></span> <span class='ocrx_word' id='word_1_869' title='bbox 2703 4996 2758 5048; x_wconf 89' lang='lat' dir='ltr'><strong>in</strong></span> <span class='ocrx_word' id='word_1_870' title='bbox 2790 4994 2974 5049; x_wconf 86' lang='lat' dir='ltr'><strong>divina</strong></span> <span class='ocrx_word' id='word_1_871' title='bbox 3004 4994 3094 5049; x_wconf 89' lang='lat' dir='ltr'><strong>illa</strong></span> <span class='ocrx_word' id='word_1_872' title='bbox 3133 5003 3191 5050; x_wconf 89' lang='lat' dir='ltr'><strong>et</strong></span> <span class='ocrx_word' id='word_1_873' title='bbox 3221 4996 3380 5052; x_wconf 85' lang='lat' dir='ltr'><strong>beata</strong></span> <span class='ocrx_word' id='word_1_874' title='bbox 3410 5016 3501 5050; x_wconf 75' lang='lat' dir='ltr'><strong>es-</strong></span> 
     </span>
    </p>
   </div>
   <div class='ocr_carea' id='block_1_114' title="bbox 1896 5088 3500 5161">
    <p class='ocr_par' dir='ltr' id='par_1_114' title="bbox 1896 5088 3500 5161">
     <span class='ocr_line' id='line_1_115' title="bbox 1896 5088 3500 5161; baseline 0 -15"><span class='ocrx_word' id='word_1_875' title='bbox 1896 5088 2078 5146; x_wconf 85' lang='lat' dir='ltr'><strong>sentia</strong></span> <span class='ocrx_word' id='word_1_876' title='bbox 2117 5099 2174 5144; x_wconf 86' lang='lat' dir='ltr'><strong>et</strong></span> <span class='ocrx_word' id='word_1_877' title='bbox 2208 5098 2430 5154; x_wconf 87' lang='lat' dir='ltr'><strong>natura,</strong></span> <span class='ocrx_word' id='word_1_878' title='bbox 2484 5103 2611 5143; x_wconf 90' lang='lat' dir='ltr'><strong>cum</strong></span> <span class='ocrx_word' id='word_1_879' title='bbox 2640 5088 2942 5144; x_wconf 87' lang='lat' dir='ltr'><strong>indiscrete</strong></span> <span class='ocrx_word' id='word_1_880' title='bbox 2974 5089 3215 5156; x_wconf 85' lang='lat' dir='ltr'><strong>dicatur,</strong></span> <span class='ocrx_word' id='word_1_881' title='bbox 3253 5092 3500 5161; x_wconf 82' lang='lat' dir='ltr'><strong>primum</strong></span> 
     </span>
    </p>
   </div>
   <div class='ocr_carea' id='block_1_115' title="bbox 1895 5181 3504 5254">
    <p class='ocr_par' dir='ltr' id='par_1_115' title="bbox 1895 5181 3504 5254">
     <span class='ocr_line' id='line_1_116' title="bbox 1895 5181 3504 5254; baseline 0.002 -19"><span class='ocrx_word' id='word_1_882' title='bbox 1895 5181 2149 5236; x_wconf 86' lang='lat' dir='ltr'><strong>divinum</strong></span> <span class='ocrx_word' id='word_1_883' title='bbox 2183 5181 2379 5237; x_wconf 84' lang='lat' dir='ltr'><strong>audias</strong></span> <span class='ocrx_word' id='word_1_884' title='bbox 2410 5181 2708 5236; x_wconf 68' lang='lat' dir='ltr'><strong>Maximum</strong></span> <span class='ocrx_word' id='word_1_885' title='bbox 2755 5198 2769 5236; x_wconf 88' lang='lat'><strong>:</strong></span> <span class='ocrx_word' id='word_1_886' title='bbox 2804 5182 3039 5237; x_wconf 77' lang='lat' dir='ltr'><strong>Maxima</strong></span> <span class='ocrx_word' id='word_1_887' title='bbox 3076 5183 3331 5250; x_wconf 84' lang='lat' dir='ltr'><strong>bonitas,</strong></span> <span class='ocrx_word' id='word_1_888' title='bbox 3378 5201 3504 5254; x_wconf 57' lang='lat' dir='ltr'><strong>qua:</strong></span> 
     </span>
    </p>
   </div>
   <div class='ocr_carea' id='block_1_116' title="bbox 1907 5277 3503 5348">
    <p class='ocr_par' dir='ltr' id='par_1_116' title="bbox 1907 5277 3503 5348">
     <span class='ocr_line' id='line_1_117' title="bbox 1907 5277 3503 5348; baseline 0.002 -17"><span class='ocrx_word' id='word_1_889' title='bbox 1907 5293 2063 5334; x_wconf 83' lang='lat' dir='ltr'><strong>meus</strong></span> <span class='ocrx_word' id='word_1_890' title='bbox 2095 5287 2200 5344; x_wconf 89' lang='lat' dir='ltr'><strong>est,</strong></span> <span class='ocrx_word' id='word_1_891' title='bbox 2246 5286 2300 5332; x_wconf 85' lang='lat' dir='ltr'><strong>et</strong></span> <span class='ocrx_word' id='word_1_892' title='bbox 2331 5279 2513 5334; x_wconf 85' lang='lat' dir='ltr'><strong>omnis</strong></span> <span class='ocrx_word' id='word_1_893' title='bbox 2541 5277 2864 5346; x_wconf 80' lang='lat' dir='ltr'><strong>eﬂicientia,</strong></span> <span class='ocrx_word' id='word_1_894' title='bbox 2895 5281 2950 5333; x_wconf 90' lang='lat' dir='ltr'><strong>in</strong></span> <span class='ocrx_word' id='word_1_895' title='bbox 2985 5293 3045 5334; x_wconf 90' lang='lat' dir='ltr'><strong>se</strong></span> <span class='ocrx_word' id='word_1_896' title='bbox 3077 5283 3503 5348; x_wconf 83' lang='lat' dir='ltr'><strong>conversa,etli-</strong></span> 
     </span>
    </p>
   </div>
   <div class='ocr_carea' id='block_1_117' title="bbox 1906 5373 3506 5443">
    <p class='ocr_par' dir='ltr' id='par_1_117' title="bbox 1906 5373 3506 5443">
     <span class='ocr_line' id='line_1_118' title="bbox 1906 5373 3506 5443; baseline 0.003 -16"><span class='ocrx_word' id='word_1_897' title='bbox 1906 5373 2108 5427; x_wconf 84' lang='lat' dir='ltr'><strong>cientia</strong></span> <span class='ocrx_word' id='word_1_898' title='bbox 2128 5381 2378 5441; x_wconf 86' lang='lat' dir='ltr'><strong>cst,cum</strong></span> <span class='ocrx_word' id='word_1_899' title='bbox 2413 5387 2522 5426; x_wconf 88' lang='lat' dir='ltr'><strong>non</strong></span> <span class='ocrx_word' id='word_1_900' title='bbox 2551 5373 2858 5428; x_wconf 87' lang='lat' dir='ltr'><strong>secundum</strong></span> <span class='ocrx_word' id='word_1_901' title='bbox 2893 5373 3200 5443; x_wconf 82' lang='lat' dir='ltr'><strong>potentiam</strong></span> <span class='ocrx_word' id='word_1_902' title='bbox 3237 5385 3397 5430; x_wconf 90' lang='lat' dir='ltr'><strong>antea</strong></span> <span class='ocrx_word' id='word_1_903' title='bbox 3433 5377 3506 5432; x_wconf 83' lang='lat' dir='ltr'><strong>sit</strong></span> 
     </span>
    </p>
   </div>
   <div class='ocr_carea' id='block_1_118' title="bbox 1899 5465 3505 5537">
    <p class='ocr_par' dir='ltr' id='par_1_118' title="bbox 1899 5465 3505 5537">
     <span class='ocr_line' id='line_1_119' title="bbox 1899 5465 3505 5537; baseline -0.001 -15"><span class='ocrx_word' id='word_1_904' title='bbox 1899 5465 2164 5528; x_wconf 86' lang='lat' dir='ltr'><strong>amentia,</strong></span> <span class='ocrx_word' id='word_1_905' title='bbox 2211 5473 2412 5535; x_wconf 58' lang='lat' dir='ltr'><strong>postea</strong></span> <span class='ocrx_word' id='word_1_906' title='bbox 2444 5479 2602 5520; x_wconf 89' lang='lat' dir='ltr'><strong>mens</strong></span> <span class='ocrx_word' id='word_1_907' title='bbox 2656 5465 2962 5520; x_wconf 85' lang='lat' dir='ltr'><strong>secundum</strong></span> <span class='ocrx_word' id='word_1_908' title='bbox 3013 5465 3369 5523; x_wconf 83' lang='lat' dir='ltr'><strong>efficientiam</strong></span> <span class='ocrx_word' id='word_1_909' title='bbox 3406 5474 3505 5537; x_wconf 82' lang='lat' dir='ltr'><strong>tit;</strong></span> 
     </span>
    </p>
   </div>
   <div class='ocr_carea' id='block_1_119' title="bbox 1901 5559 3506 5630">
    <p class='ocr_par' dir='ltr' id='par_1_119' title="bbox 1901 5559 3506 5630">
     <span class='ocr_line' id='line_1_120' title="bbox 1901 5559 3506 5630; baseline 0.003 -18"><span class='ocrx_word' id='word_1_910' title='bbox 1901 5559 2087 5628; x_wconf 88' lang='lat' dir='ltr'><strong>itaque</strong></span> <span class='ocrx_word' id='word_1_911' title='bbox 2118 5559 2286 5614; x_wconf 86' lang='lat' dir='ltr'><strong>etiam</strong></span> <span class='ocrx_word' id='word_1_912' title='bbox 2332 5574 2490 5614; x_wconf 86' lang='lat' dir='ltr'><strong>mens</strong></span> <span class='ocrx_word' id='word_1_913' title='bbox 2531 5568 2616 5614; x_wconf 86' lang='lat' dir='ltr'><strong>est</strong></span> <span class='ocrx_word' id='word_1_914' title='bbox 2661 5560 2778 5615; x_wconf 88' lang='lat' dir='ltr'><strong>sola</strong></span> <span class='ocrx_word' id='word_1_915' title='bbox 2827 5574 3118 5630; x_wconf 87' lang='lat' dir='ltr'><strong>pura,non</strong></span> <span class='ocrx_word' id='word_1_916' title='bbox 3158 5559 3367 5617; x_wconf 84' lang='lat' dir='ltr'><strong>factitia</strong></span> <span class='ocrx_word' id='word_1_917' title='bbox 3410 5580 3506 5617; x_wconf 72' lang='lat' dir='ltr'><strong>ma</strong></span> 
     </span>
    </p>
   </div>
   <div class='ocr_carea' id='block_1_120' title="bbox 1899 5651 3507 5724">
    <p class='ocr_par' dir='ltr' id='par_1_120' title="bbox 1899 5651 3507 5724">
     <span class='ocr_line' id='line_1_121' title="bbox 1899 5651 3507 5724; baseline 0.001 -16"><span class='ocrx_word' id='word_1_918' title='bbox 1899 5652 2256 5720; x_wconf 71' lang='lat' dir='ltr'><strong>cogitatione.</strong></span> <span class='ocrx_word' id='word_1_919' title='bbox 2289 5651 2385 5708; x_wconf 87' lang='lat' dir='ltr'><strong>sed</strong></span> <span class='ocrx_word' id='word_1_920' title='bbox 2419 5667 2595 5723; x_wconf 88' lang='lat' dir='ltr'><strong>perse</strong></span> <span class='ocrx_word' id='word_1_921' title='bbox 2618 5653 2792 5722; x_wconf 87' lang='lat' dir='ltr'><strong>ipsam</strong></span> <span class='ocrx_word' id='word_1_922' title='bbox 2841 5657 3072 5708; x_wconf 88' lang='lat' dir='ltr'><strong>omnino</strong></span> <span class='ocrx_word' id='word_1_923' title='bbox 3104 5656 3362 5724; x_wconf 80' lang='lat' dir='ltr'><strong>intelligit</strong></span> <span class='ocrx_word' id='word_1_924' title='bbox 3415 5658 3507 5710; x_wconf 75' lang='lat' dir='ltr'><strong>l-Zt-</strong></span> 
     </span>
    </p>
   </div>
   <div class='ocr_carea' id='block_1_121' title="bbox 1898 5745 3511 5823">
    <p class='ocr_par' dir='ltr' id='par_1_121' title="bbox 1898 5745 3511 5823">
     <span class='ocr_line' id='line_1_122' title="bbox 1898 5745 3511 5823; baseline 0.004 -26"><span class='ocrx_word' id='word_1_925' title='bbox 1898 5747 2046 5800; x_wconf 86' lang='lat' dir='ltr'><strong>enim</strong></span> <span class='ocrx_word' id='word_1_926' title='bbox 2074 5745 2117 5800; x_wconf 89' lang='lat' dir='ltr'><strong>si</strong></span> <span class='ocrx_word' id='word_1_927' title='bbox 2139 5745 2375 5800; x_wconf 81' lang='lat' dir='ltr'><strong>essentia</strong></span> <span class='ocrx_word' id='word_1_928' title='bbox 2398 5747 2517 5816; x_wconf 86' lang='lat' dir='ltr'><strong>ejus</strong></span> <span class='ocrx_word' id='word_1_929' title='bbox 2539 5746 2754 5801; x_wconf 86' lang='lat' dir='ltr'><strong>diversa</strong></span> <span class='ocrx_word' id='word_1_930' title='bbox 2778 5758 2882 5813; x_wconf 90' lang='lat' dir='ltr'><strong>est,</strong></span> <span class='ocrx_word' id='word_1_931' title='bbox 2905 5764 3027 5818; x_wconf 79' lang='lat' dir='ltr'><strong>qme</strong></span> <span class='ocrx_word' id='word_1_932' title='bbox 3048 5759 3232 5802; x_wconf 71' lang='lat' dir='ltr'><strong>autem</strong></span> <span class='ocrx_word' id='word_1_933' title='bbox 3249 5751 3413 5823; x_wconf 56' lang='lat'><strong>29!.</strong></span> <span class='ocrx_word' id='word_1_934' title='bbox 3430 5757 3511 5804; x_wconf 78' lang='lat' dir='ltr'><strong>m—</strong></span> 
     </span>
    </p>
   </div>
   <div class='ocr_carea' id='block_1_122' title="bbox 1899 5835 3504 5906">
    <p class='ocr_par' dir='ltr' id='par_1_122' title="bbox 1899 5835 3504 5906">
     <span class='ocr_line' id='line_1_123' title="bbox 1899 5835 3504 5906; baseline 0.002 -16"><span class='ocrx_word' id='word_1_935' title='bbox 1899 5835 2117 5906; x_wconf 75' lang='lat' dir='ltr'><strong>telligit,</strong></span> <span class='ocrx_word' id='word_1_936' title='bbox 2135 5835 2204 5891; x_wconf 86' lang='lat' dir='ltr'><strong>ab</strong></span> <span class='ocrx_word' id='word_1_937' title='bbox 2231 5849 2296 5892; x_wconf 84' lang='lat' dir='ltr'><strong>ea</strong></span> <span class='ocrx_word' id='word_1_938' title='bbox 2319 5835 2537 5892; x_wconf 80' lang='lat' dir='ltr'><strong>diversa</strong></span> <span class='ocrx_word' id='word_1_939' title='bbox 2571 5844 2720 5903; x_wconf 82' lang='lat' dir='ltr'><strong>sunt,</strong></span> <span class='ocrx_word' id='word_1_940' title='bbox 2735 5837 2854 5892; x_wconf 85' lang='lat' dir='ltr'><strong>sine</strong></span> <span class='ocrx_word' id='word_1_941' title='bbox 2881 5851 3046 5892; x_wconf 76' lang='lat' dir='ltr'><strong>sensu</strong></span> <span class='ocrx_word' id='word_1_942' title='bbox 3067 5839 3134 5892; x_wconf 87' lang='lat' dir='ltr'><strong>sit</strong></span> <span class='ocrx_word' id='word_1_943' title='bbox 3172 5854 3397 5894; x_wconf 74' lang='lat' dir='ltr'><strong>necesse</strong></span> <span class='ocrx_word' id='word_1_944' title='bbox 3422 5851 3504 5894; x_wconf 76' lang='lat' dir='ltr'><strong>cst</strong></span> 
     </span>
    </p>
   </div>
  </div>
