4044 6548
326 429 438 494 27.)

1262 435 1716 498 BYZANTIN/E
1758 437 2144 499 ΗΙΞΤΟΗΙιΕ
2183 433 2329 498 LIB.
2372 435 2559 499 XXX.

3498 434 3612 501 974

400 538 503 593 18'.
542 539 695 593 Ἐπεὶ
734 540 776 592 δ’
802 541 830 593 6
869 543 967 613 τῆς
1002 544 1189 607 οὐσίας
1218 546 1343 617 ὄρος
1374 551 1472 602 καὶ
1503 548 1662 613 λόγος
1684 548 1909 617 (ταυτὸν

2094 550 2237 606 XIX.
2272 550 2545 616 Quoniam
2582 558 2765 603 autem
2810 548 3069 604 essentia:
3099 545 3351 600 deﬁnitio
3380 554 3435 600 et
3471 546 3618 601 ratio

323 632 437 699 γὰρ
467 631 591 698 ὄρος
643 631 734 683 καὶ
781 631 965 701 λόγος)
998 636 1233 703 πρᾶγμά
1292 634 1443 690 ἔστιν
1493 637 1907 707 αὑθύπαρκτον,

326 720 405 791 μὴ
441 721 696 791 δεόμενον
750 722 945 791 ἐτέρου
1004 725 1143 793 πρὸς
1190 725 1450 798 ὕπαρξιν,
1481 729 1565 797 εῑη
1598 726 1664 780 ἂν
1692 730 1912 789 πάντως

320 815 424 867 καὶ
442 816 471 867 6
498 815 598 882 τῆς
628 816 913 885 ινεργιίας
944 816 1104 885 λόγος
1142 820 1170 870 6
1200 819 1387 885 αὐτὸς,
1413 819 1520 873 κάν
1546 823 1659 877 τοῖς
1682 820 1913 888 ὀνόμασι

317 903 637 974 διαφέρωσι,
675 907 915 975 πρᾶγμα
969 908 1364 979 αὑθύπαρκτον
1422 910 1653 981 δηλαδὴ,
1688 912 1763 981 μὴ
1797 912 1915 965 δεό-

324 1013 491 1065 μενον
538 998 727 1066 ἑτέρου
781 999 919 1069 πρὸς
958 1000 1219 1068 ὓπαρξιν.
1260 1002 1421 1056 Οὕτω
1463 1002 1576 1074 γὰρ
1625 1004 1721 1057 καὶ
1752 1004 1780 1056 6
1810 1002 1915 1072 τῆς

315 1089 649 1159 ταπότητος
676 1152 677 1155 η
706 1090 941 1155 σώζεται
998 1094 1176 1162 λόγος,
1242 1096 1319 1158 ὡς
1380 1096 1477 1149 καὶ
1536 1098 1565 1149 6
1619 1096 1719 1165 τῆς
1778 1096 1914 1166 ἀλη-

316 1181 466 1243 θείας
521 1183 869 1253 ὁμολογητὴς
932 1185 1227 1253 σοφώτατα
1294 1187 1721 1259 μεμαρτύρηκε,
1783 1188 1915 1242 Θεό-

319 1274 496 1345 δωρος
547 1276 575 1329 6
627 1276 911 1348 ηαπτὸς,
974 1295 993 1329 ε
1034 1278 1225 1343 Οὕτως
1280 1280 1369 1343 ἂν,
1428 1281 1635 1352 φήσας,
1673 1282 1915 1346 εὐσεδῶς

318 1368 542 1437 νοηθείη
568 1368 601 1437 ἡ
637 1368 741 1438 μὲν
767 1370 886 1423 θεία
918 1371 1169 1441 ἐνέργεια
1194 1372 1384 1436 ἀῖδιος,
1411 1374 1614 1444 μᾶλλον
1638 1373 1685 1426 δ’
1709 1376 1914 1429 αὑτεν-

326 1460 541 1529 έργεια,
574 1461 655 1532 τῷ
689 1464 764 1532 μὴ
825 1463 1115 1531 διωρίσθαι
1140 1465 1237 1534 τῆς
1265 1465 1454 1529 οὐσίας
1480 1466 1580 1535 τὴν
1612 1468 1913 1537 ἐνέργειαν,

320 1554 461 1606 ἀλλὰ
516 1555 609 1607 τὸν
665 1557 829 1609 αὐτὸν
888 1555 1051 1625 λόγον
1103 1558 1460 1627 ἐπιδέχεσθαι
1519 1559 1608 1612 διὰ
1664 1560 1766 1630 τὴν
1814 1560 1915 1629 τῆς

319 1645 501 1709 ἀπλῆς
536 1648 633 1700 καὶ
666 1647 965 1716 ἀσωμάτου
996 1649 1213 1717 φύσεως
1250 1652 1515 1721 ἰδιότητα.
1547 1671 1566 1703 ι
1588 1652 1699 1705 Καὶ
1723 1651 1909 1718 πάλιν,

326 1758 343 1790 ι
386 1739 619 1806 Ἕτερον
673 1740 870 1793 οὐσίαν
915 1744 1013 1795 καὶ
1067 1742 1197 1797 ἀλλο
1238 1743 1529 1814 ἐνέργειαν
1578 1744 1689 1797 τῶν
1740 1744 1911 1798 πάλαι

321 1832 490 1893 τινὲς,
526 1832 601 1894 ὡς
644 1835 737 1886 ἐπὶ
769 1834 879 1886 τῶν
926 1834 1266 1904 σωματικῶς
1316 1836 1739 1906 θεωρουμένων,
1767 1838 1912 1889 οὕτω

2023 644 2195 717 (idem
2242 643 2392 698 enim
2420 640 2672 696 deﬁnitio
2704 652 2760 694 et
2806 638 2969 709 ratio)
3001 653 3088 694 res
3112 644 3200 693 est
3230 636 3614 691 substantialis

2020 751 2143 806 qua:
2176 749 2285 788 non
2339 743 2495 804 egeat
2537 733 2641 787 alia
2674 732 2739 785 ad
2776 731 3180 793 exsistentiam,
3226 729 3452 783 omnino
3499 744 3609 806 non

2022 805 2205 894 potest
2224 839 2347 880 esse
2378 824 2543 878 etiam
2567 822 2873 878 efﬁcientia
2932 821 3075 874 ratio
3130 833 3241 874 non
3273 816 3469 872 eadem
3528 805 3614 871 vel

2024 915 2080 971 in
2118 916 2443 972 nominibus
2470 915 2712 970 diversis
2735 955 2749 979 ,
2794 930 2882 968 res
2917 912 3177 967 nimirum
3228 908 3616 965 substantialis

2021 1023 2145 1079 qua:
2176 1024 2285 1062 non
2312 1016 2471 1078 egeat
2490 1008 2595 1062 alia
2620 1005 2687 1060 ad
2710 1004 3079 1062 substantiam
3115 1020 3129 1058 :
3166 1002 3239 1057 ita
3271 1001 3420 1058 enim
3445 999 3616 1055 etiam

2023 1100 2273 1171 ejusdem
2309 1097 2531 1169 generis
2577 1097 2718 1151 ratio
2752 1106 3029 1158 servatur,
3063 1092 3211 1163 quod
3271 1090 3437 1146 etiam
3468 1087 3615 1143 veri-

2024 1193 2155 1247 tatis
2185 1188 2476 1245 confessor
2510 1187 2925 1259 sapientissime
2966 1192 3201 1241 testatus
3248 1191 3334 1237 est
3358 1180 3620 1235 Theodo-

2025 1299 2121 1338 rus
2152 1282 2417 1353 Graptus;
2449 1297 2574 1338 cum
2603 1282 2792 1335 dicat:
2827 1298 2845 1331 ‹
2878 1277 2993 1334 Hoc
3052 1276 3217 1330 modo
3247 1273 3336 1344 pie
3377 1272 3616 1343 cogitari

2024 1387 2159 1444 puto
2185 1392 2200 1428 ι
2227 1373 2414 1427 divina
2444 1371 2741 1427 cﬁlcientia
2767 1380 2853 1427 est
2892 1367 3255 1437 sempiterna,
3280 1364 3394 1419 sive
3426 1364 3616 1435 potius

2026 1467 2143 1538 ipsa
2171 1464 2491 1531 eﬁicicntia,
2537 1464 2667 1533 quia
2699 1479 2810 1519 non
2846 1461 3113 1516 distincta
3140 1466 3227 1513 est
3253 1456 3331 1511 ab
3372 1454 3619 1511 essentia

2022 1558 2343 1623 efﬁcientia,
2387 1558 2483 1613 sed
2525 1558 2777 1613 eamdem
2831 1554 3104 1609 rationem
3149 1549 3353 1620 accipit
3390 1556 3616 1617 pr0pter

2020 1653 2291 1723 simplicis
2318 1659 2375 1706 et
2418 1651 2765 1719 incorporea
2796 1656 3015 1703 natum
3044 1642 3465 1715 proprietatem.
3507 1656 3524 1691 ι
3548 1637 3621 1693 Et

2026 1759 2222 1799 rursus
2251 1759 2264 1795 :
2302 1762 2321 1795 ι
2351 1742 2512 1797 Aliud
2547 1757 2671 1796 esse
2720 1739 3046 1803 essentiam,
3082 1735 3231 1791 aliud
3266 1732 3617 1789 efﬁcientiam

2023 1835 2191 1907 διο
2231 1836 2544 1904 priscorum
2593 1832 2819 1903 quidam
2849 1832 2995 1886 utin
3030 1829 3237 1898 iisquae
3276 1827 3329 1881 in
3369 1824 3621 1896 corpori-

321 1919 385 1988 δὴ
423 1922 562 1974 κάπὶ
594 1922 689 1974 τοῦ
724 1925 873 1979 θείου
932 1924 1095 1989 λόγου
1152 1926 1420 1980 ἐτίθεντο.
1466 1928 1644 1997 Ὅπερ
1681 1930 1793 1989 τοῖς
1826 1929 1909 1979 εὐ-

2020 1928 2125 1983 bus
2175 1926 2620 1997 perspiciuntur.
2651 1924 2726 1978 ita
2760 1923 2925 1979 etiam
2966 1923 3018 1975 in
3055 1920 3242 1975 divina
3272 1919 3486 1974 ratione
3521 1933 3622 1987 poa

320 2013 538 2066 σεσέσιν
575 2016 898 2085 ἀπείρηται.
948 2018 1080 2071 Ἐπὶ
1120 2019 1231 2088 γὰρ
1278 2019 1388 2071 τῶν
1420 2020 1611 2073 ἁπλῶν
1646 2022 1738 2073 καὶ
1770 2021 1915 2072 ἀσω-

320 2104 510 2173 μάτων
551 2107 608 2159 ὲν
654 2106 832 2159 οὐδενὶ
866 2108 1154 2177 διαφέρειν
1206 2109 1426 2162 ἴσασινο
1485 2110 1547 2161 οὐ
1598 2110 1708 2179 γὰρ
1744 2108 1918 2177 διορισ-

321 2196 479 2248 στέον
530 2197 708 2250 ταῦτα
768 2199 1041 2267 ἀλλήλων,
1090 2201 1176 2253 ἵνα
1231 2201 1305 2272 μὴ
1368 2201 1625 2255 σύνθετον
1674 2201 1735 2255 τὺ
1771 2203 1915 2272 ὑπὲρ

322 2288 505 2339 πᾶσαν
540 2287 824 2358 ἁπλότητα
884 2291 1094 2359 νοῆται.
1160 2289 1299 2343 Οὔτε
1363 2291 1471 2361 γὰρ
1516 2293 1551 2360 ἡ
1600 2291 1718 2345 θεία
1752 2292 1913 2345 οὐσία

318 2380 677 2450 ἀνενέργητος
710 2381 796 2450 εἴη
827 2382 891 2435 ἄν
928 2399 1082 2446 ποτε,
1110 2381 1221 2435 οὔτ’
1265 2384 1515 2448 ἀνούσιος
1544 2386 1583 2455 ή·
1603 2384 1907 2453 ἐνέργεια.»

330 2473 575 2533 Ἀκούεις
639 2474 746 2526 τῶν
785 2476 947 2543 ἱερῶν
996 2476 1337 2529 διδασκάλων
1406 2480 1508 2545 τῆς
1578 2481 1913 2548 Ἑκκλησίας

318 2563 473 2632 παρά
505 2565 760 2617 τοσοῦτον
808 2569 874 2635 τῇ
918 2568 1079 2638 οὐσίᾳ
1117 2568 1215 2633 τὴν
1251 2569 1542 2637 ἐνέργειαν
1570 2571 1627 2622 ἓν
1653 2573 1747 2624 καὶ
1774 2591 1910 2626 ταυ-

315 2657 408 2709 τὸν
453 2656 547 2709 ἐπὶ
580 2657 715 2709 Θεοῦ
756 2657 1219 2727 δογματιζόντων,
1260 2662 1392 2732 παρ’
1432 2664 1560 2717 ὅσον
1596 2667 1910 2719 καὶαὺτεν-

318 2747 535 2816 έργειαν
628 2749 857 2803 καλσιῦσι
909 2753 998 2804 διὰ
1060 2752 1159 2823 τὴν
1218 2753 1395 2824 ἄκραν
1460 2757 1790 2827 ταυτότητα,
1835 2759 1911 2823 ὼς

318 2839 443 2909 μηδ’
470 2840 631 2909 ἄχρις
679 2842 927 2904 ἐπινοίας
974 2844 1370 2913 παρακύπτειν
1428 2850 1548 2900 ἐκεῖ
1599 2848 1910 2920 δυναμένης

316 2928 583 2998 διαφορᾶς
617 2930 858 2987 θίασοῦν.
905 2952 923 2984 ι
963 2935 1214 2998 Ἀκούεις
1256 2936 1302 2989 δ’
1351 2935 1436 2989 ἔτι
1477 2938 1577 2989 καὶ
1624 2937 1767 3005 ὅπερ
1822 2952 1906 2989 σοι

317 3020 583 3092 ἀνωτέρω
624 3023 1039 3095 δεδηλώκαμεν
1076 3026 1141 3079 σὺ
1168 3029 1279 3097 γὰρ
1319 3027 1510 3094 ἔλεγες
1544 3028 1910 3097 ἀνενὲργητον

317 3111 431 3165 τότ’
455 3109 599 3166 εἶναι
628 3115 729 3184 τὴν
747 3114 900 3170 θείαν
933 3118 1139 3188 μᾶλλον
1160 3118 1373 3181 οὐσίαν,
1392 3119 1525 3172 ὅταν
1557 3118 1616 3171 ἓν
1647 3121 1742 3172 καὶ
1770 3136 1907 3173 ταυ-

314 3206 406 3258 τὸν
434 3207 663 3277 λέγηται
690 3207 880 3279 ᾰμφω,
898 3211 1021 3265 τότε
1047 3210 1090 3263 δ’
1111 3212 1336 3283 ὲνεργῆ,
1356 3213 1487 3266 ὅταν
1573 3214 1905 3285 διῃρημένα,

2020 2029 2288 2084 suerunt.
2339 2019 2391 2074 id
2448 2018 2595 2088 quod
2651 2017 2725 2087 pii
2781 2016 3114 2072 refutarunt.
3152 2014 3211 2068 lu
3272 2012 3627 2082 simplicibus

2021 2112 2169 2166 enim
2232 2118 2291 2167 et
2340 2109 2685 2179 incorporeis
2719 2108 2874 2163 nullo
2903 2108 3068 2163 modo
3119 2106 3211 2161 illa
3243 2106 3460 2160 diversa
3494 2118 3621 2159 esse

2021 2216 2275 2272 possunt;
2299 2216 2479 2271 neque
2500 2200 2649 2255 enim
2674 2199 3062 2270 distinguenda
3093 2206 3221 2251 sunt
3239 2212 3269 2250 a
3288 2210 3347 2251 se
3379 2195 3619 2249 invicem

2018 2295 2163 2359 haec,
2183 2311 2254 2350 ne
2273 2294 2646 2363 compositum
2671 2290 2949 2364 cogitetur
2979 2288 3034 2345 id
3054 2289 3202 2359 quod
3233 2301 3453 2343 omnem
3482 2285 3618 2340 βίην-

2019 2385 2323 2455 plicitatem
2368 2392 2595 2453 superat
2622 2399 2639 2450 ;
2675 2396 2787 2437 non
2845 2383 2997 2436 enim
3029 2379 3219 2435 divina
3244 2378 3481 2433 essentia
3510 2393 3617 2431 un-

2019 2493 2183 2547 quam
2220 2492 2342 2532 essc
2365 2485 2547 2547 potest
2575 2474 2827 2530 inelﬁcax
2853 2512 2868 2537 ,
2908 2488 3086 2543 neque
3126 2470 3422 2528 efﬁcientia
3463 2470 3609 2524 incs-

2015 2569 2287 2624 sentialis.
2331 2587 2349 2619 ι
2386 2566 2562 2622 Audis
2597 2578 2818 2623 sanctos
2866 2566 3127 2622 Ecclesiae
3174 2566 3431 2619 doctores
3498 2572 3625 2617 tan-

2020 2674 2134 2717 tum
2170 2678 2299 2718 cum
2326 2662 2568 2717 essentia
2603 2658 2959 2714 efﬁcientiam
2990 2674 3159 2713 unum
3186 2657 3448 2725 idemque
3489 2670 3615 2710 esse

2016 2755 2069 2808 iu
2104 2756 2214 2809 Deo
2238 2740 2844 2822 censentesmuantum
2876 2751 3041 2805 etiam
3066 2749 3238 2819 ipsam
3263 2747 3613 2804 eﬁicicntiam

2019 2857 2219 2903 vocant
2246 2864 2366 2903 eam
2392 2855 2620 2917 prepter
2643 2860 2922 2901 summum
2946 2841 3287 2901 discriminis
3312 2840 3613 2908 delectauit,

2020 2941 2098 2995 ita
2144 2950 2207 2994 ut
2259 2954 2331 2995 ne
2366 2938 2421 2994 in
2480 2937 2881 3009 cogitationem
2929 2937 3153 3007 quidem
3206 2936 3490 2989 insinuare
3537 2933 3615 2989 ibi

2017 3031 2196 3099 possit
2223 3026 2536 3083 differentia
2565 3026 2990 3097 qualiscunque.
3028 3025 3206 3080 Audis
3245 3041 3414 3095 porro
3444 3025 3623 3079 etiam

2018 3118 2079 3174 id
2108 3118 2259 3188 quod
2281 3132 2451 3188 supra
2484 3117 2585 3173 tibi
2606 3116 3131 3173 demonstravimus.
3167 3116 3249 3170 Tu
3284 3113 3433 3170 enim
3465 3115 3618 3171 dice-

2018 3213 2117 3268 bas
2153 3212 2493 3267 ineﬁicaeem
2528 3219 2644 3266 tum
2667 3226 2789 3267 esse
2815 3209 3059 3266 divinam
3085 3209 3271 3279 potius
3288 3211 3616 3273 essentiam,

316 3301 551 3370 πρᾶγμα
584 3302 1055 3371 τερατωδέστατόν
1077 3320 1136 3356 τε
1162 3306 1259 3357 καὶ
1278 3305 1677 3373 ἀμαθέστατον,
1711 3308 1807 3359 καὶ
1836 3308 1909 3377 μὴ

2019 3321 2146 3362 eum
2178 3306 2439 3361 dicantur
2462 3304 2628 3360 ambo
2663 3320 2835 3359 unum
2867 3304 3124 3374 idemque
3171 3316 3316 3368 esse,
3355 3311 3470 3356 tum
3514 3316 3617 3355 au-

327 3392 510 3444 πᾶσαν
534 3392 699 3462 μόνον
722 3393 1029 3462 ἐκπλῆττον
1056 3395 1227 3465 ἀκοὴν
1250 3399 1314 3465 τῇ
1350 3396 1677 3468 ἁδελτηρίᾳ,
1706 3399 1790 3452 ὅτι
1832 3399 1907 3469 μὴ

319 3484 413 3536 καὶ
430 3485 558 3547 τοὺς
579 3486 781 3553 σοφοὺς
804 3487 1059 3538 τουτουσὶ
1077 3486 1433 3551 διδασκάλους
1456 3490 1558 3558 τῆς
1575 3489 1907 3559 Ἐκκλησίας

320 3575 694 3641 συκοφαντοῦν
734 3575 924 3639 ἀδεῶς
955 3578 1018 3630 υύ
1061 3577 1172 3648 γὰρ
1190 3577 1499 3647 διοριστέον
1534 3578 1711 3631 ταῦτα
1738 3579 1905 3647 φασὶν

316 3668 563 3737 ἀλλήλων
595 3668 819 3733 ἐκεῖνοι,
848 3668 937 3721 ἵνα
971 3685 1032 3721 τε
1058 3668 1195 3739 μήτε
1232 3669 1491 3723 σύνθετον
1524 3671 1583 3722 τὸ
1613 3671 1755 3738 ὑπὲρ
1791 3672 1900 3725 πᾶ-

324 3778 423 3814 σαν
451 3760 733 3826 ἁπλότητα
759 3763 971 3830 νοῆται,
1002 3764 1096 3815 καὶ
1116 3764 1204 3815 ἵνα
1235 3764 1361 3833 μήθ’
1391 3766 1423 3835 ἡ
1445 3764 1620 3837 [Μιιὸ
1646 3762 1720 3835 r.]
1742 3766 1902 3817 οὐσία

316 3855 675 3925 ἀπνέργητος
700 3856 785 3924 εἴη
838 3856 902 3907 ἄν
932 3874 1059 3908 ποτε
1088 3858 1214 3926 μήτ’
1246 3858 1500 3921 ἀνούσιος
1535 3860 1567 3927 ἡ
1606 3859 1803 3927 ὲνέργε
1821 3873 1897 3909 ια.

2017 3408 2128 3454 tem
2156 3397 2456 3463 efﬁcacem,
2491 3413 2619 3452 cum
2650 3397 2763 3454 sint
2791 3396 2966 3451 divisa
3002 3414 3014 3451 :
3054 3409 3177 3465 qua:
3211 3410 3306 3451 res
3336 3402 3423 3449 est
3447 3386 3617 3448 inira-

2017 3491 2129 3545 culi
2156 3499 2214 3545 et
2258 3489 2585 3559 ignorantia:
2634 3489 3056 3559 plenissima,et
3086 3504 3209 3558 qu'e
3242 3495 3457 3561 tantum
3504 3500 3613 3542 non

2014 3595 2209 3636 omnes
2259 3579 2552 3649 perturbet
2610 3595 2775 3635 aures
2830 3578 3203 3643 absurditate,
3230 3578 3401 3634 multo
3432 3578 3608 3647 magis

2009 3671 2175 3726 etiam
2195 3672 2476 3741 sapientes
2494 3672 2596 3727 bos
2616 3670 2873 3726 doctores
2892 3671 3149 3727 Ecclesia:
3161 3672 3493 3726 criminetur
3516 3670 3623 3724 im-

2008 3764 2307 3831 pudenter.
2338 3762 2530 3833 Neque
2551 3762 2695 3817 enim
2722 3762 3112 3833 distinguenda
3140 3776 3261 3818 esse
3281 3765 3398 3817 hmc
3421 3760 3619 3816 dicunt

2014 3852 2093 3909 illi
2134 3868 2165 3908 a
2198 3866 2258 3907 se
2285 3852 2528 3907 invicem
2556 3893 2571 3919 ,
2628 3867 2699 3907 ne
2749 3853 3118 3921 compositum
3153 3853 3431 3922 cogitetur
3465 3849 3645 3920 quod

318 3963 538 4003 omnem
604 3948 1016 4019 simplicitatem
1054 3959 1288 4019 superat
1313 3992 1328 4018 ,
1370 3966 1511 4007 neve
1552 3966 1798 4020 unquam
1836 3946 1911 4005 sit
1959 3964 2140 4019 neque
2205 3946 2448 4003 essentia
2512 3946 2791 4013 ineﬁicax,
2823 3960 3003 4014 neque
3034 3943 3329 4001 efﬁcientia
3367 3945 3617 3999 inessen-

320 4042 484 4097 tialis.

392 4138 474 4191 K'.
514 4138 661 4206 Πρὸς
691 4138 865 4193 ταῦτα
890 4144 917 4193 ὁ
950 4142 1213 4209 Παλαμᾶς
1243 4139 1546 4206 ἀντιλέγων
1579 4138 1766 4190 κοινὸν
1802 4136 1933 4206 μὲν·

320 4230 523 4299 ἔφησεν
568 4225 709 4284 εἶναι
764 4234 941 4303 δόγμα
994 4232 1101 4284 τῶν
1148 4251 1205 4285 τε
1262 4232 1459 4297 ἔξωθεν
1497 4233 1592 4284 καὶ
1632 4232 1741 4283 τῶν
1782 4230 1905 4284 καθ’

322 4322 468 4387 ἡμᾶς
508 4322 820 4388 φιλοσόιξων
854 4326 1027 4390 τουτὶ,
1081 4326 1176 4376 καὶ
1208 4325 1311 4377 οὐκ
1354 4323 1642 4389 ἀντιλέγω·
1671 4322 1809 4392 πλὴν
1841 4320 1909 4373 τὰ

316 4409 406 4461 τὸν
437 4411 598 4462 αὐτὸν
646 4413 1010 4481 ἐπιδεχόμενα
1073 4415 1233 4483 λόγον
1284 4414 1377 4465 δύο
1409 4417 1527 4467 ἐστὶ
1572 4418 1667 4466 καὶ
1700 4415 1800 4483 οὐχ
1824 4412 1902 4465 ἓν.

318 4501 429 4554 Καὶ
486 4505 535 4553 εί
589 4500 705 4563 δύο,
749 4505 867 4567 πῶς
915 4509 1085 4574 χωρὶς
1140 4506 1462 4575 ἡστινοσοῦν
1517 4508 1652 4574 πρὸς
1700 4506 1907 4573 ἄλληλα

316 4582 625 4662 διαφορᾶ;;
682 4596 871 4647 Ἔστιν
920 4598 1011 4649 οὖν
1067 4601 1099 4667 ἡ
1156 4598 1256 4667 μὲν
1302 4600 1571 4667 ταυτότης
1616 4598 1709 4649 τοῦ
1745 4598 1905 4664 λόγου

2076 4131 2197 4187 XX.
2235 4132 2315 4187 Ad
2346 4133 2461 4187 haec
2484 4132 2736 4187 Palamas
2775 4130 3457 4201 respondens,commune
3490 4145 3617 4188 esse

2007 4227 2143 4281 dixit
2184 4227 2289 4282 hoc
2345 4226 2541 4297 dogma
2605 4235 2957 4281 externorum
2986 4224 3145 4294 311
3182 4235 3237 4279 et
3289 4235 3610 4281 nostrorum

2009 4319 2489 4389 philosophorum,
2549 4332 2731 4386 neque
2792 4331 2895 4386 ego
2944 4314 3128 4370 eidem
3164 4330 3456 4385 repugno:
3512 4315 3608 4370 sed

2010 4428 2133 4481 quae
2164 4412 2421 4465 eamdem
2455 4410 2731 4465 rationem
2780 4409 3064 4479 accipiunt
3120 4408 3233 4463 duo
3272 4410 3385 4463 sint
3428 4424 3611 4479 neque

2014 4520 2148 4558 vero
2180 4521 2387 4571 unum;
2428 4518 2493 4558 ac
2526 4503 2572 4559 si
2611 4503 2764 4568 duo,
2811 4503 3093 4572 quomodo
3134 4510 3343 4557 remota
3395 4513 3525 4558 sunt
3581 4521 3613 4558 a

2017 4597 2396 4666 qualicunque
2451 4595 2771 4650 diﬁ'erentia
2810 4596 2957 4649 inter
3003 4594 3105 4650 se?
3147 4593 3415 4649 ldentitas
3446 4595 3613 4664 igitur

318 4689 461 4740 κατὰ
499 4688 559 4739 τὸ
611 4684 748 4740 εἶναι
797 4690 987 4757 ἄμφω,
1028 4691 1126 4759 τήν
1162 4709 1217 4742 τε
1270 4691 1461 4743 οὐσίαν
1494 4690 1589 4744 καὶ
1620 4691 1716 4759 τὴν
1749 4690 1905 4759 ἐνέρ-

2019 4690 2245 4744 rationis
2295 4689 2350 4743 in
2410 4704 2477 4742 eo
2546 4688 2649 4742 sita
2683 4697 2809 4754 est,
2841 4686 2991 4755 quod
3036 4685 3235 4749 ambo,
3286 4694 3342 4741 et
3372 4687 3613 4741 essentia

318 4792 493 4843 γειαν,
532 4778 784 4831 ἇκτιστα·
829 4782 860 4849 ἡ
895 4782 950 4832 δὲ
1001 4780 1233 4848 διαιρορά
1278 4781 1337 4833 τὸ
1374 4783 1474 4851 μὲν
1518 4780 1734 4846 οὐσίαν,
1769 4780 1831 4831 τὸ
1862 4778 1908 4832 δ’

318 4870 592 4933 ἀνούσιον,
622 4889 719 4943 την
751 4873 1036 4943 ἐνέργειαν
1068 4874 1297 4943 δηλαδή.

393 5052 522 5105 KA'.
570 5052 629 5103 '0
653 5052 710 5103 δὲ
742 5053 1049 5121 Γρηγορᾶς,
1084 5053 1208 5106 Ὅτι
1236 5054 1355 5123 μὲν,
1385 5056 1540 5124 φησὶ,
1571 5056 1631 5107 τὺ
1654 5056 1909 5109 ἀνούσιον

315 5145 421 5198 οὐκ
436 5144 515 5210 ὃν,
552 5147 609 5197 τὶ
642 5144 686 5197 δ’
712 5147 812 5198 οὐκ
836 5146 894 5198 ὃν
924 5148 983 5199 οὐ
1029 5148 1185 5209 Θεὸς,
1210 5148 1369 5215 δῆλον
1403 5151 1513 5211 τείς
1546 5148 1720 5201 ἆπασι
1770 5150 1908 5218 πλὴν

319 5235 432 5291 σοῦ.
469 5238 595 5290 Ὅτι
631 5237 675 5290 δ’
708 5238 859 5290 οὐδὲν
892 5240 973 5291 ἑτι
1007 5240 1242 5293 κωλύσει
1280 5242 1467 5293 λοιπὸν
1500 5242 1907 5309 συμπεραίνειν

319 5334 409 5383 καὶ
450 5333 596 5400 ἡμᾶς
644 5332 736 5383 ἐπὶ
784 5332 883 5401 τῆς
924 5333 1184 5385 συνθέτου
1230 5334 1338 5404 ἄρα
1378 5334 1596 5403 φύσεως
1630 5335 1722 5387 τὸν
1754 5340 1909 5388 αντιφ

319 5423 571 5493 κείμενον
618 5423 873 5492 δέχεσθαι
930 5424 1089 5492 λόγον
1126 5425 1223 5495 τήν
1267 5426 1553 5496 ἐνέργειαν
1602 5432 1666 5499 τῇ
1723 5430 1904 5500 οὐσίᾳ,

320 5516 412 5566 καὶ
443 5512 584 5567 εἶναι
620 5517 764 5569 δυοῖν
819 5516 877 5581 ἐξ
922 5518 1167 5587 ἀνάγκης
1208 5520 1516 5591 θάτερον,ἦ
1554 5524 1653 5590 τὴν
1690 5523 1789 5589 μὲν
1819 5526 1911 5575 οὐ·

321 5607 443 5659 σίαν
490 5609 649 5677 ἡμῶν
695 5609 971 5671 ἅκτιστον,
1010 5610 1107 5681 τὴν
1153 5611 1197 5664 δ’
1256 5613 1539 5682 ἐνέργειαν
1594 5616 1905 5686 κτιστὴν,ἢ

318 5696 414 5767 τῆς
454 5699 642 5761 οὐσίας
672 5698 838 5768 οὔσης
860 5702 1086 5770 κτιστῆς
1120 5697 1257 5755 εἶναι
1286 5706 1385 5773 τὴν
1432 5707 1713 5775 ἐνέργειαν
1756 5709 1909 5761 ἄκτι-

322 5803 467 5856 στον,
503 5789 658 5857 δῆλον
705 5794 799 5845 καὶ
845 5792 1007 5847 τοῦτο
1046 5794 1207 5847 παντί
1242 5812 1343 5847 που
1388 5795 1455 5851 τὰ
1513 5797 1747 5865 μάλιστα
1774 5814 1787 5828 ο
1834 5799 1908 5863 ὡς

323 5884 428 5954 γὰρ
454 5882 532 5948 οἷς
570 5887 629 5938 τὸ
656 5882 794 5940 εἶναι
822 5887 1019 5942 ταυτὸν
1070 5888 1163 5942 ml.
1192 5891 1216 5941 6
1249 5887 1408 5957 λόγος
1442 5891 1468 5942 ὁ
1501 5890 1684 5954 α’)τξς,
1726 5888 1906 5955 οὕτως

2013 4793 2070 4837 et
2100 4781 2419 4845 eﬁicientia,
2456 4782 2568 4835 sint
2616 4782 2862 4835 increata
2898 4798 2909 4833 :
2940 4778 3251 4834 differentia
3297 4790 3479 4834 autem
3522 4794 3610 4846 ea,

2014 4884 2075 4929 ut
2128 4876 2366 4929 alterum
2402 4876 2474 4929 sit
2507 4875 2753 4930 essentia
2780 4916 2794 4937 ,
2832 4873 3070 4927 alterum
3119 4879 3303 4925 autem
3360 4872 3613 4929 inessen-

2014 4968 2165 5029 tiale,
2196 4968 2491 5022 elﬁcientia
2526 4968 2820 5022 nimirum.

2085 5061 2230 5114 XXI.
2272 5060 2550 5131 Gregoras
2575 5070 2760 5115 autem
2788 5080 2800 5114 :
2831 5059 3218 5123 Incssentialc,
3244 5058 3457 5129 inquit,
3499 5072 3609 5112 non

2012 5170 2135 5210 esse
2157 5196 2171 5219 ,
2206 5158 2352 5223 quod
2387 5164 2572 5207 autem
2605 5171 2712 5207 non
2736 5155 2829 5218 sit,
2859 5169 2965 5206 non
3002 5167 3124 5207 esse
3162 5152 3352 5209 Deum.
3391 5151 3459 5204 ab
3493 5165 3613 5204 om-

2013 5245 2181 5299 nibus
2210 5246 2540 5312 intelligitur
2567 5245 2675 5298 nisi
2701 5260 2731 5298 a
2758 5253 2831 5297 te.
2885 5242 3036 5297 Nihil
3074 5251 3259 5296 autem
3295 5245 3404 5310 jam
3431 5240 3610 5307 impc—

2012 5338 2265 5392 diturum
2292 5351 2436 5401 esse,
2473 5335 2777 5404 quominus
2805 5350 2908 5389 nos
2931 5348 3155 5403 quoque
3186 5332 3613 5395 concludamus.

2014 5432 2069 5485 in
2089 5430 2397 5499 cmuposita
2433 5438 2628 5483 natura
2656 5428 3015 5484 efﬁcientiam
3049 5426 3306 5494 accipere
3336 5425 3610 5479 rationem

2011 5526 2264 5579 essentia;
2296 5522 2605 5591 oppositam
2637 5564 2651 5585 ,
2701 5530 2757 5575 et
2784 5536 2904 5575 esse
2948 5519 3381 5573 alterumutrum
3417 5531 3613 5571 neces-

2011 5617 2195 5676 sario,
2232 5624 2328 5669 aut
2392 5615 2689 5671 essentiam
2781 5622 3027 5667 nostram
3094 5612 3433 5675 increatam,
3496 5608 3613 5663 cﬁi—

2012 5708 2273 5763 cientiam
2328 5717 2512 5761 autem
2570 5716 2839 5771 creatam,
2894 5714 2989 5759 aut
3018 5704 3315 5761 essentiam
3343 5710 3613 5769 creatam,

2011 5799 2359 5853 efﬁcientiam
2428 5809 2613 5854 autem
2684 5800 3028 5863 incrcatatn,
3072 5799 3176 5853 hoc
3233 5797 3305 5851 ab
3349 5795 3615 5878 omnibus

2011 5891 2183 5959 prubc
2244 5892 2590 5959 intelligitur.
2640 5891 2860 5948 Etenim
2894 5904 2952 5947 ut
2987 5893 3054 5947 iis
3103 5892 3308 5961 quibus
3365 5886 3610 5945 essentia
