4044 6548
332 455 436 518 337

1210 452 1659 516 ΒΥΖΑΝΤΙΝΕ
1695 453 2079 514 1115Τυίὶιᾶἰ
2113 455 2254 516 LIB.
2291 455 2535 515 XXXII.

3477 447 3586 514 333

332 575 442 628 θῶν
461 573 761 644 δρθοδόξοις
787 575 969 646 βιϐλία
997 575 1141 628 κατά
1169 574 1279 628 τῶν
1306 574 1699 644 Εἰκονομάχων
1721 575 1899 643 ἀφῆκε

2007 588 2129 628 cum
2162 572 2343 628 all‘ecit
2376 571 2524 643 quod
2563 569 2804 626 lidelium
2860 569 3047 625 socius
3081 567 3286 639 scripta
3333 567 3588 624 ediderat

326 666 409 736 τῷ
439 667 557 738 βίῳ.
597 669 699 738 τὴν
730 670 958 722 ἐκείνων
1000 667 1122 721 τότε
1159 667 1515 737 ἐξελέγχοντα
1551 667 1899 730 δυσσέϐειαν,

328 757 428 811 νῦν
453 758 512 812 δι
543 758 642 829 τὴν
679 759 1029 827 Παλαμικὴν,
1082 761 1145 813 ὲκ
1172 761 1303 828 μιᾶς
1341 758 1666 830 ἀρξαμένων
1690 760 1901 830 ἀμφοῖν

328 852 681 921 προφάσεως,
735 850 830 906 τοῦ
861 851 920 902 ιν
951 851 1219 922 Θαϐωρίῳ
1260 851 1407 921 λέγω
1433 852 1510 922 τῷ
1545 853 1663 924 δρει
1699 851 1898 922 φωτὸς,

328 941 406 1005 ὡς
449 941 798 1013 δειχθήσεται
853 943 1191 1016 πλατύτερον
1229 946 1518 1012 προϊόντος
1567 944 1662 998 τοῦ
1711 946 1898 1012 λόγου.

327 1034 593 1087 Καὶ-ποία
614 1033 826 1098 τοῦτον,
855 1034 1116 1104 ἔφασκεν,
1144 1031 1288 1089 οἶδεν
1325 1035 1660 1107 Ἐκκλησίας
1704 1038 1800 1092 καὶ
1820 1038 1904 1100 τίς

327 1125 498 1180 αὐτοῦ
528 1141 657 1180 ποτε
715 1128 940 1198 μνήμην
1001 1128 1298 1196 πεποίηται
1336 1127 1445 1182 τῶν
1505 1131 1727 1199 ἡμερῶν
1743 1147 1758 1195 ;
1793 1129 1904 1185 Καὶ

328 1217 503 1271 πολλά
529 1216 756 1272 τοιαῦτα
791 1219 1057 1287 συνείρων
1094 1220 1196 1287 τὴν
1236 1217 1346 1272 τῶν
1367 1219 1730 1292 βλασφημιῶν
1766 1223 1904 1294 ἐπή-

330 1323 492 1375 νεγκε
521 1308 813 1380 κορωνίδα,
864 1312 945 1364 ὅτι
1002 1309 1165 1363 πάνθ’
1209 1310 1308 1364 ὅσα
1357 1309 1537 1379 βιϐλία
1563 1315 1902 1385 πεποιῆσθαι

327 1400 545 1470 λέγεται
578 1404 720 1457 κατὰ
768 1402 876 1456 τῶν
902 1403 1290 1474 Είκονομάχων
1319 1402 1470 1474 αὐτῷ
1509 1404 1782 1476 αίρέσεων
1813 1409 1906 1476 γε·

333 1508 422 1563 μει
453 1493 708 1566 μακρῶν.
744 1496 855 1550 Καὶ
899 1494 950 1548 εί
1005 1495 1106 1564 μιν
1136 1493 1320 1566 ιτεροί
1353 1512 1501 1560 τινες
1529 1496 1904 1569 ὑποϐολιμαῖα

327 1585 863 1655 παρεισενέγκαντες
915 1585 976 1638 τὸ
1016 1584 1184 1639 αὑτοῦ
1225 1603 1288 1655 γε
1329 1586 1656 1656 ἐπέγραψαν
1706 1588 1902 1660 ὄνομα,

328 1678 664 1748 ἀνέγκλητος
693 1677 794 1748 μιν
826 1676 1187 1740 ἔσταιαύτδς,
1230 1678 1297 1730 τά
1327 1677 1384 1730 δὲ
1433 1665 1621 1747 βιϐλία
1649 1679 1711 1734 οὗ
1735 1699 1750 1715 ·
1783 1687 1833 1736 εί
1858 1686 1906 1736 δ’

328 1768 496 1823 αὐτοῦ
518 1769 594 1839 τῷ
616 1769 734 1822 δντι
770 1769 1005 1839 βεϐαίως
1039 1769 1200 1834 εἰσὶν,
1229 1769 1366 1840 ὁμοῦ
1392 1774 1505 1836 τοῖς
1540 1772 1770 1842 βιϐλίοις
1795 1777 1907 1847 ἄρα

329 1858 638 1932 ἀπέϐλητος
686 1863 782 1915 καὶ
837 1861 1000 1925 αὐτὸς
1058 1862 1152 1915 καὶ
1196 1864 1311 1925 τοῖς
1369 1863 1554 1929 ἄλλοις
1601 1868 1908 1938 αιρετικοῖς

331 1954 673 2025 ἀναρίθμιος.

405 2049 478 2101 ε’.
516 2048 805 2103 Τοσούτων
835 2045 931 2101 οὖν
987 2050 1084 2102 καὶ
1141 2048 1285 2103 οὕτω
1348 2051 1620 2120 μεγέθους
1653 2058 1910 2123 ἀσεϐείας

329 2138 566 2208 ιχόντων
597 2138 772 2207 λόγων
801 2138 1074 2210 αὐτήκοος
1105 2141 1134 2192 ὁ
1164 2140 1456 2212 Γρηγορᾶς
1499 2145 1744 2213 γεγονὼς
1777 2149 1913 2215 σφό-

328 2230 432 2299 δρα
471 2246 530 2282 τε
573 2229 848 2300 ἐξεπλάγη
903 2233 1001 2286 καὶ
1034 2235 1253 2303 ἄφωνος
1302 2235 1528 2304 ἔμεινεν
1572 2239 1704 2309 ἄχρι
1725 2243 1818 2295 καὶ
1851 2245 1908 2308 ἐς

329 2323 479 2393 ὥρας
503 2323 716 2393 μακρόν
742 2341 792 2377 τι
821 2324 1123 2396 διάστημα.
1152 2328 1385 2384 Ἔπειτα
1415 2331 1592 2403 θυμοῦ
1625 2337 1720 2390 καὶ
1741 2337 1907 2409 ζήλου

331 2414 478 2468 θείου
513 2415 714 2483 μεστὸς
751 2415 993 2486 γεγονὼς
1031 2419 1236 2485 τοιάδε,
1295 2423 1562 2492 στραφεὶς
1620 2428 1758 2498 πρὸς
1817 2431 1910 2482 τὸν

333 2505 812 2578 Καντακουζηνδν,
877 2508 1042 2579 φησί’
1097 2510 1165 2563 Τί
1227 2528 1332 2581 μου
1364 2515 1428 2566 τὸ
1468 2517 1650 2587 γῆρας
1678 2521 1780 2573 οὐκ
1811 2523 1907 2592 ἐᾷς

329 2598 584 2668 ἠρεμεῖν,
621 2599 740 2655 ἀλλ’
771 2602 1150 2667 ἐπιϐουλεύεις
1177 2605 1304 2671 ἄεις
1336 2607 1402 2664 Τί
1426 2625 1494 2678 με
1524 2612 1648 2674 ταῖς
1681 2616 1801 2677 σαῖς
1823 2617 1909 2668 ἀεὶ

331 2692 575 2761 μερίζων
605 2694 890 2765 αίρέσεσιν
919 2697 1020 2751 οὐκ
1051 2698 1363 2768 ὲνάρκησας
1384 2702 1499 2756 οὐδ’
1532 2703 1632 2774 ὀψὲ
1661 2708 1760 2775 τῆς
1792 2709 1909 2778 ἠλι-

329 2783 457 2846 κίας
483 2783 586 2854 τῆς
627 2785 727 2852 σῆς
761 2787 853 2841 καὶ
872 2790 974 2858 τῆς
1017 2788 1113 2842 νῦν
1145 2789 1542 2864 βαρυδαίμονος
1585 2798 1791 2869 τύχης;
1841 2801 1908 2855 Τί

331 2875 388 2946 μ’
417 2876 596 2930 ἄλλοτ’
627 2877 855 2932 ἄλλοθεν
909 2880 986 2944 ὡς
1021 2883 1084 2935 ὲκ
1119 2883 1331 2955 λόχμης
1359 2888 1454 2940 καὶ
1483 2889 1698 2959 δρυμοῦ
1733 2909 1907 2963 προσ-

327 2965 563 3033 ϐάλλων,
595 2971 656 3023 οὗ
687 2971 891 3042 τολμᾷς
927 2974 1070 3026 κατά
1103 2976 1361 3043 μέτωπον
1393 2977 1656 3054 ἄντικρυς
1695 2985 1787 3038 τὸν
1815 2987 1908 3041 σὺν

329 3057 395 3130 [τ.
433 3059 536 3116 158
569 3061 641 3134 r.]
683 3065 972 3134 ἐπιφέρειν
1009 3066 1268 3136 πόλεμον,
1323 3069 1442 3123 ἀλλ’
1479 3072 1582 3128 οὐκ
1615 3073 1767 3128 ἔστιν
1791 3077 1906 3131 οὔθ’

325 3148 449 3202 ὅθεν
471 3148 586 3203 οὗθ’
614 3153 703 3205 ὅτε
731 3152 814 3224 μὴ
836 3153 935 3223 τὴν
971 3156 1072 3225 σήν
1099 3172 1192 3226 μοι
1222 3159 1524 3229 προσάγεις
1554 3163 1906 3234 ἀτέκμαρτον

2003 665 2207 734 quibus
2242 663 2730 718 lconomachorum
2763 661 3014 732 impietas
3043 661 3586 731 deprehendehatur,

2005 771 2154 810 nunc
2175 771 2309 810 vero
2329 756 2495 811 etiam
2521 755 2919 809 Palamitarum.
2935 753 3238 822 quieodem
3263 761 3590 822 argumento

2005 861 2064 901 se
2094 846 2438 913 fulciebant;
2474 846 2542 902 de
2596 848 2720 902 luce
2770 853 2960 901 autem
2995 859 3306 900 sermonem
3342 844 3482 899 facio
3533 844 3590 898 in

2004 947 2192 992 monte
2248 937 2523 1004 Thabore,
2567 953 2732 1009 quam
2781 938 2921 992 infra
2960 951 3302 1008 exponemus
3348 935 3589 1021 planius.

2007 1027 2139 1095 Qua
2169 1029 2328 1085 vero?
2347 1031 2528 1102 inquit
2557 1031 2668 1096 ille,
2705 1029 2951 1087 Ecclesia
2994 1030 3144 1087 hunc
3167 1030 3390 1100 agnovit
3414 1030 3439 1083 ἲ
3467 1028 3594 1099 quis

2007 1122 2328 1176 memoriam
2403 1124 2526 1191 ejus
2603 1123 2959 1178 observavit?
3022 1123 3117 1179 llis
3190 1122 3420 1192 lnsuper
3486 1123 3594 1178 alia

2010 1211 2177 1265 multa
2199 1212 2413 1267 addidit
2439 1223 2495 1268 et
2520 1215 2979 1270 contumeliarum
3001 1229 3264 1269 acervum
3293 1213 3596 1285 complevit

2007 1316 2132 1358 cum
2175 1303 2348 1358 libros
2385 1314 2660 1376 quotquot
2710 1307 2935 1363 omnino
2985 1305 3282 1377 conscripti
3316 1306 3594 1363 ferrentur

2008 1407 2200 1451 contra
2251 1396 2664 1463 lconomachos,
2722 1398 2888 1470 382
2957 1399 3125 1455 nimis
3165 1400 3403 1456 refertos
3470 1415 3595 1457 esse

2009 1488 2192 1558 pravis
2219 1489 2578 1559 Opinionibus
2599 1490 2833 1558 diceret,
2856 1502 2913 1546 et
2937 1491 3042 1547 nisi
3091 1491 3161 1546 ab
3188 1493 3311 1547 aliis
3358 1492 3593 1564 quibus-

2009 1579 2135 1635 dam
2167 1579 2663 1651 inter'polatoribus
2693 1599 2896 1638 nomen
2921 1585 3043 1656 eius
3078 1585 3406 1656 inscriptum
3446 1598 3596 1643 esset

2008 1672 2185 1740 libris,
2209 1675 2460 1745 ignotum
2489 1676 2626 1731 illud
2656 1691 2974 1731 mansurum
3012 1677 3217 1741 fuisse;
3257 1693 3364 1732 non
3413 1687 3593 1733 tamen

2009 1763 2137 1818 libri
2181 1764 2283 1833 ipsi
2314 1785 2328 1830 ;
2357 1766 2453 1835 qui
2482 1782 2674 1822 revera
2731 1767 2955 1838 quidem
2997 1777 3302 1832 exstarent.
3340 1770 3435 1825 sed
3489 1786 3595 1825 una

2012 1867 2136 1906 cum
2171 1854 2258 1908 his
2293 1871 2494 1911 nomen
2531 1858 2654 1926 ejus
2690 1860 3064 1927 abjiciendum
3089 1875 3209 1916 esse
3240 1872 3296 1916 et
3329 1861 3599 1915 adnume-

2011 1946 2243 2002 randum
2271 1949 2499 2020 reliquis
2527 1949 2826 2006 haereticis.

2079 2037 2144 2093 γ.
2180 2038 2313 2105 Quae
2336 2040 2505 2097 verba
2545 2051 2711 2098 tanta:
2763 2044 2921 2114 plena
2975 2045 3274 2116 impietatis
3302 2062 3427 2102 cum
3460 2047 3599 2105 Gre-

2009 2142 2169 2198 goras
2202 2131 2466 2201 audisset,
2503 2135 2866 2192 vehementer
2895 2138 3082 2192 animo
3120 2139 3407 2209 perculsus
3438 2151 3598 2196 estet

2009 2211 2289 2277 obmutuit
2325 2240 2422 2293 per
2448 2225 2669 2297 longum
2698 2227 2850 2284 hora:
2876 2228 3251 2285 intervallum.
3287 2230 3360 2286 At
3392 2231 3597 2287 deinde

2009 2313 2193 2369 animo
2215 2323 2272 2369 et
2298 2315 2481 2372 divina
2534 2319 2961 2388 condignatinne
3003 2320 3262 2390 impletus
3311 2322 3484 2378 vertit
3536 2338 3598 2380 sc

2008 2404 2063 2457 in
2104 2403 2548 2462 Cautacuzenum
2579 2409 2764 2464 verbis
2804 2410 2995 2465 hisce:
3038 2411 3151 2466 Cur
3179 2426 3286 2467 non
3311 2423 3593 2470 senectam

2010 2494 2147 2550 mihi
2230 2497 2369 2553 sinis
2453 2500 2862 2571 tranquillam?
2921 2500 3034 2558 Cur
3103 2518 3323 2572 semper
3397 2505 3594 2561 ha-rcsi

2009 2595 2101 2640 tua
2136 2586 2411 2658 inquietas
2432 2606 2519 2646 me
2549 2607 2728 2663 neque
2776 2596 3057 2650 succurris
3101 2595 3236 2651 mihi
3295 2597 3389 2667 qui
3433 2607 3595 2655 aetate

2002 2678 2114 2749 jam
2149 2679 2440 2739 confectus
2470 2699 2592 2740 sum
2619 2695 2827 2742 etcum
2880 2697 3028 2743 tanta
3065 2705 3214 2744 nunc
3258 2690 3592 2761 ingravescit

2008 2771 2228 2828 miseria
2252 2771 2405 2829 ?Cur
2435 2774 2599 2830 modo
2631 2775 2759 2832 hinc
2788 2777 2954 2833 modo
3007 2778 3156 2833 illine
3188 2788 3451 2850 tanquam
3504 2782 3592 2837 in-

2006 2861 2166 2917 sidiis
2212 2873 2268 2919 et
2309 2865 2538 2922 latebris
2590 2884 2978 2938 prorumpens,
3015 2870 3153 2924 mihi
3187 2888 3298 2927 non
3359 2873 3590 2928 adversa

2009 2954 2190 3012 fronte
2215 2957 2429 3029 justum
2477 2959 2684 3015 bellum
2721 2961 2940 3019 infers?
2984 2962 3175 3033 Neque
3208 2966 3365 3021 locus
3412 2982 3592 3036 neque

2011 3059 2228 3121 tempus
2257 3060 2343 3106 est
2374 3067 2484 3123 quo
2511 3069 2622 3109 non
2655 3055 3118 3113 insolentissimas
3149 3067 3273 3114 tuas
3327 3061 3592 3116 tentatio-

2008 3157 2108 3198 nes
2128 3144 2182 3198 in
2208 3160 2296 3201 me
2325 3154 2533 3203 vertas.
2557 3147 2670 3204 Cur
2703 3149 2757 3203 in
2785 3149 2972 3206 divina
3022 3152 3275 3221 dogmata
3303 3156 3465 3212 modo
3492 3158 3592 3213 hos

326 3242 558 3310 πεῖρανς
586 3243 653 3295 Τί
681 3246 826 3298 κατά
856 3245 967 3299 τῶν
1000 3247 1161 3301 θείων
1192 3250 1479 3321 δογμάτων
1506 3253 1684 3309 ἄλλοτ’
1708 3257 1900 3324 ἄλλους

2009 3236 2177 3291 modo
2207 3237 2332 3293 illos
2369 3240 2612 3295 exstruis
2641 3239 2903 3312 Olympos
2957 3252 3014 3299 et
3059 3245 3358 3303 Parnassos
3397 3261 3592 3305 contu-

326 3332 564 3402 ἐγείρεις
639 3335 979 3407 Ὀλύμπους,
1013 3342 1111 3393 καὶ
1168 3342 1494 3412 Παρνασοὺς
1551 3347 1907 3422 βλασφημίας

325 3427 673 3495 αὐτομαθοῦς
706 3429 798 3482 καὶ
825 3429 1168 3499 ωιμαθοῦςς
1206 3435 1272 3488 Τί
1305 3439 1446 3491 κατά
1475 3439 1583 3493 τῶν
1612 3441 1772 3494 θείων
1796 3446 1908 3497 [Ια-

324 3520 499 3588 τὲρων
553 3520 838 3591 χαράδρας
901 3524 1224 3595 ἀνορύττεις
1284 3529 1371 3581 ἀεὶ
1433 3533 1760 3602 καινοτέρας
1808 3540 1906 3592 καὶ

328 3611 466 3681 μόνῃ
490 3614 556 3682 τῇ
596 3615 660 3682 σῇ
691 3615 1122 3685 παρευρημίνας
1155 3617 1440 3673 αὑτοθελεῖ
1469 3621 1686 3692 ἐπινοίᾳ
1716 3641 1730 3690 ;
1769 3627 1904 3682 Τίνα

325 3704 515 3757 τοῦτον
548 3704 607 3769 ἑξ
657 3706 1008 3775 αὐτοσχεδίου
1061 3708 1140 3778 τῷ
1180 3709 1309 3782 θείῳ
1344 3713 1542 3784 ἐκείνῳ
1582 3716 1758 3787 Harp“.
1808 3720 1903 3773 καὶ

327 3796 475 3864 σοφῷ
507 3796 816 3868 διδασκάλῳ
845 3799 943 3868 τῆς
979 3801 1309 3870 Ἐκκλησίας
1338 3804 1457 3859 νέον
1479 3807 1726 3873 ὁπλίζεις
1779 3812 1904 3883 ’Δρ-

325 3888 607 3960 χίλοχονῆ
656 3893 856 3960 μᾶλλον
924 3893 1241 3965 ’Δρχιλόχου
1295 3897 1552 3968 πίθηκον,
1588 3901 1648 3966 ὃς
1702 3906 1899 3979 πρὶνῆ

328 3976 522 4041 μαθεῖν
547 3978 748 4032 ἄπονον
775 3981 948 4033 οἴεται
977 3982 1264 4050 είληφέναι
1313 3989 1521 4054 ταμίαν
1573 3990 1770 4059 σοφίας
1801 3976 1902 4064 τὴν

335 4065 582 4120 Ἠσιόδου
622 4069 850 4138 δάφνην,
886 4072 982 4124 καὶ
1021 4074 1159 4145 μόνῃ
1200 4073 1418 4147 θελήσει
1447 4080 1506 4132 τὸ
1542 4080 1898 4152 δογματίζειν

321 4155 626 4225 intimacy;
665 4161 734 4211 Ἦ
767 4161 866 4214 οὐκ
891 4163 1139 4229 ἀκούεις,
1171 4166 1223 4218 τί
1250 4167 1408 4220 ταῦτ’
1439 4170 1533 4223 ἐπὶ
1558 4173 1652 4226 σοῦ
1682 4175 1745 4229 τὸ
1774 4195 1902 4248 σχε-

322 4243 617 4299 τλιώτατον
654 4246 813 4302 τοῦτο
873 4251 967 4304 καὶ
1001 4255 1248 4323 μεμηνὸς
1308 4258 1602 4331 ἀνδράριον
1665 4243 1900 4337 ἐξηρενύο

324 4335 485 4403 ξατο;
517 4334 646 4408 Ἀρ*
679 4341 883 4397 ἀνεκτά
933 4344 1093 4397 ταῦτ’
1139 4347 1332 4410 ἀκοαῖς
1377 4349 1520 4422 λόγῳ
1553 4355 1648 4408 καὶ
1686 4334 1898 4431 διανοίᾳ

319 4431 760 4500 διοικουμέναιςς
798 4435 1035 4503 Φθέγξαι
1056 4455 1108 4490 τι
1136 4438 1275 4510 πρὸς
1305 4441 1480 4497 ταῦτα
1500 4489 1515 4511 ,
1553 4447 1641 4501 ἵνα
1675 4451 1898 4522 γνῶμεν

321 4522 371 4575 εί
400 4524 474 4591 μὴ
503 4524 812 4595 ὁμότροπον
841 4528 1065 4598 τρέφεις
1094 4530 1227 4598 γοῦν
1260 4535 1318 4586 ὲν
1347 4535 1562 4601 τούτοις
1594 4545 1689 4595 καὶ
1733 4544 1897 4609 αὐτὸς

2010 3330 2304 3386 meliarum
2329 3345 2361 3386 a
2392 3340 2445 3390 te
2476 3333 2839 3391 conﬁctarum
2869 3345 2926 3392 et
2970 3351 3097 3393 sero
3157 3350 3340 3398 tamen
3387 3343 3592 3401 lrusua

2006 3424 2492 3492 excogitatarum?
2544 3428 2677 3496 quid
2734 3428 2790 3483 in
2853 3438 3075 3485 sanctos
3129 3431 3319 3490 Patres
3372 3451 3594 3507 semper

2007 3514 2142 3570 lacis
2180 3517 2365 3572 foveas
2414 3535 2536 3589 qua:
2570 3520 2688 3575 solo
2735 3529 2829 3575 tuo
2859 3523 3092 3579 consilio
3125 3523 3451 3582 fodiuntur?
3477 3527 3593 3585 Cur

2004 3622 2072 3662 ex
2106 3616 2350 3678 tempore
2377 3611 2430 3664 in
2465 3612 2714 3669 divinum
2758 3614 2973 3670 Patrem
3001 3617 3155 3672 illum
3200 3628 3250 3674 et
3289 3630 3592 3692 praecepto-

2005 3715 2119 3754 rem
2147 3703 2640 3771 sapientissimum,
2681 3720 2886 3761 novum
2935 3708 3163 3765 exhibes
3192 3711 3590 3770 Archilochum

2004 3790 2091 3843 vel
2119 3792 2302 3860 potius
2327 3793 2642 3848 Archilochi
2672 3796 2886 3852 simiam
2913 3813 2928 3864 ;
2955 3800 3046 3868 qui
3076 3799 3238 3873 383
3261 3803 3587 3874 priusquam

2005 3882 2135 3952 quid
2187 3883 2445 3941 didicerit
2480 3887 2599 3942 sine
2629 3883 2818 3945 labore
2850 3890 3111 3962 opinatur
3151 3895 3480 3966 adepturum
3533 3915 3591 3954 se

2004 3974 2290 4043 sapientiae
2326 3977 2549 4035 Hesiodi
2582 3982 2853 4048 lauream,
2876 3993 2933 4040 et
2964 4000 3065 4055 pro
3122 3988 3257 4042 solis
3284 3990 3427 4044 votis
3472 3992 3589 4047 suis

2003 4065 2245 4124 delatum
2295 4070 2362 4125 iri
2403 4075 2724 4129 certaminis
2774 4076 3069 4147 dogmatiei
3120 4079 3224 4134 sibi
3279 4086 3587 4152 prmmium.

2001 4159 2205 4216 Annon
2235 4163 2494 4221 audivisti
2522 4180 2642 4236 qua:
2693 4167 2746 4221 in
2781 4178 2831 4222 te
2880 4170 3214 4228 miserabilis
3244 4183 3301 4228 et
3340 4175 3589 4234 furiosus

2003 4251 2374 4310 homunculus
2425 4256 2528 4312 iste
2571 4260 2877 4317 evomuerit
2903 4261 2925 4313 ?
2955 4259 3124 4327 Quid,
3175 4279 3283 4318 non
3323 4265 3592 4322 abhorre-

2001 4345 2135 4400 bant
2169 4347 2286 4403 haec
2315 4357 2383 4403 ab
2409 4342 2638 4407 auribus
2663 4360 2720 4406 et
2755 4352 2939 4408 verbis
2971 4355 3079 4408 tuis
3132 4371 3196 4410 ac
3233 4359 3459 4413 mente?
3487 4359 3588 4414 Lo-

2002 4453 2175 4507 quere
2205 4440 2272 4494 ad
2316 4441 2432 4496 haec
2491 4450 2551 4496 ut
2601 4457 3000 4513 cognoscamus
3057 4462 3123 4500 au
3177 4451 3426 4504 eamdem
3473 4452 3587 4506 alas

2003 4532 2194 4587 saltem
2215 4533 2269 4586 in
2296 4534 2381 4587 his
2402 4534 2517 4602 ipse
2536 4537 2941 4592 mentem.Nam
2963 4539 3240 4594 silentium
3260 4550 3411 4597 tuum
3433 4540 3588 4599 make

319 4615 378 4667 τὸ
406 4613 505 4684 τῆς
531 4615 756 4686 γνώμης
778 4596 1123 4688 βουλόμενονξ
1171 4622 1238 4674 Ἦ
1276 4624 1386 4693 γὰρ
1423 4625 1491 4696 σὴ
1541 4596 1721 4702 σιωπὴ
1755 4596 1895 4702 aq“:

2007 4623 2359 4678 conscientiae
2415 4626 2790 4694 suspicionem
2828 4637 3092 4683 movetet
3122 4631 3325 4686 multos
3391 4650 3589 4690 vereor

320 4706 483 4777 λεροῦ
509 4709 808 4773 συνειδότος
835 4711 1074 4779 ὑποψίαν
1097 4712 1428 4786 ἀνειληφυῖα
1457 4720 1685 4789 πολλὰς,
1715 4719 1894 4793 οἴμαι,

320 4803 500 4872 ἐγερεῖ
531 4804 672 4856 κατὰ
711 4803 802 4857 σοῦ
831 4805 926 4867 τὰς
977 4807 1086 4858 τῶν
1125 4807 1404 4878 λοιδοριῶν
1455 4816 1779 4883 τρικυμίας.
1814 4812 1890 4873 Ἦ

318 4895 430 4966 γὰρ
457 4895 557 4948 οὐκ
591 4896 752 4957 αὐτὸς
789 4897 984 4949 ἑαυτοῦ
1025 4914 1080 4949 τε
1123 4899 1216 4950 καὶ
1267 4901 1362 4952 τοῦ
1401 4907 1666 4974 σφετέρου
1701 4907 1893 4966 θιάσου

319 4987 522 5049 παντὸς
564 4989 829 5056 ἄντικρυς
873 4994 1292 5062 καταμαρτυρεί
1343 4997 1440 5054 καὶ
1475 4997 1585 5048 τῶν
1624 4999 1895 5054 ἀσεϐειῶν

319 5081 714 5151 ὲπ.ψηφίζεται
741 5083 838 5152 τὴν
866 5085 1133 5153 μεγίστην
1159 5083 1176 5149 ξ
1199 5087 1297 5138 ’ον
1328 5089 1437 5158 γὰρ
1467 5093 1641 5168 πᾶσαι
1667 5093 1895 5165 διαρῤήο

317 5175 414 5245 δην
450 5175 684 5244 τιμῶσιν
738 5175 978 5230 εὐσεϐῶν
1037 5179 1352 5247 ἐκκλησίαι,
1419 5186 1511 5237 καὶ
1566 5185 1625 5237 ὃν
1657 5187 1893 5255 ὑμνοῦσι

316 5269 674 5339 λογογράφων
718 5272 804 5322 καὶ
841 5273 1196 5340 μουσουργῶν
1234 5275 1394 5328 ὁσίων
1428 5281 1579 5346 χοροὶ
1611 5281 1753 5333 κατὰ
1787 5286 1894 5336 πᾶ-

319 5373 417 5409 σαν
452 5358 643 5428 χρόνου
697 5358 968 5427 περίοδον,
1023 5363 1117 5412 καὶ
1162 5351 1224 5412 οὗ
1288 5363 1414 5426 τοὺς
1471 5364 1670 5427 ἄθλους
1703 5371 1894 5426 καὶτὰ

319 5449 456 5517 σοςρὰ
489 5451 845 5518 παλαίσματα
875 5452 960 5503 διὰ
983 5453 1165 5522 πάσης
1201 5454 1406 5523 ὴχῆσαι
1452 5457 1557 5526 γῆς
1586 5458 1892 5529 διαγέγονε,

316 5543 506 5596 τοῦτον
537 5537 689 5608 οὗτος
737 5546 1072 5615 ἰσχυρίζεται
1137 5547 1212 5618 μὴ
1251 5550 1470 5616 εἰδέναι,
1521 5553 1636 5605 ἀλλ’
1664 5555 1744 5616 είς
1784 5558 1891 5611 τόδ’

316 5633 532 5701 ἡλικίας
564 5637 909 5691 παντάπασιν
962 5639 1276 5709 ἀμφῦτερον
1331 5643 1630 5712 διαμεῖναι,
1679 5649 1889 5703 καὶτυ-

319 5721 450 5790 φλδς
498 5724 607 5776 τῶν
663 5729 968 5795 γινομένων
1002 5731 1097 5782 καὶ
1149 5733 1336 5798 κωφὸς
1389 5735 1499 5788 τῶν
1552 5736 1887 5806 λεγομένων,

317 5813 503 5880 ὅμοιον
535 5813 725 5886 ῶσπερ
756 5816 821 5869 ἂν
855 5819 901 5871 εί
930 5821 1022 5872 καὶ
1058 5821 1188 5889 περὶ
1220 5823 1314 5876 τοῦ
1352 5827 1701 5893 παγκοσμίου
1735 5828 1889 5882 τοῦδε

318 5905 515 5972 φωτὸς,
571 5907 672 5976 τῆς
740 5910 974 5980 ἡλιακῆς
1030 5914 1248 5986 ἐκείνης
1304 5917 1608 5988 λαμπάδος.
1673 5924 1889 5991 ἀγνοεῖν

2007 4727 2076 4766 ne
2103 4712 2155 4767 in
2186 4721 2238 4767 te
2264 4713 2663 4771 maledicentize
2709 4716 2913 4773 ﬂuctus
2941 4721 3166 4775 excitet.
3192 4721 3360 4787 Quid?
3401 4735 3614 4782 nonne'

2007 4804 2185 4874 palam
2239 4806 2341 4861 iste
2400 4808 2573 4878 ipsius
2619 4817 2674 4864 et
2729 4825 2956 4865 suorum
3020 4814 3232 4868 cultum
3283 4816 3582 4873 fanaticum

2007 4895 2274 4950 adversus
2335 4913 2436 4951 nos
2500 4907 2733 4953 testatur
2793 4909 2850 4955 et
2893 4902 3231 4971 impietatem
3283 4908 3584 4961 maximam

2005 4986 2339 5057 proﬁtetur?
2370 4988 2503 5042 Nam
2539 5005 2702 5060 quem
2733 5006 2925 5046 omnes
2958 4992 3102 5046 clara
3133 5009 3269 5050 voce
3315 4998 3580 5052 honorant

2004 5082 2222 5152 piorum
2250 5085 2446 5154 synodi
2489 5092 2544 5137 et
2597 5084 2879 5140 celebrant
2908 5087 3243 5156 scriptorum
3278 5099 3334 5144 et
3365 5094 3583 5161 piorum

2007 5176 2295 5231 doctorum
2326 5177 2480 5231 chori
2535 5192 2634 5247 per
2673 5193 2837 5234 omne
2870 5188 3107 5250 tempus,
3144 5191 3200 5236 et
3243 5183 3403 5252 cujus
3432 5186 3588 5242 labo-

2008 5286 2095 5326 res
2125 5280 2180 5324 et
2205 5271 2468 5340 praeclara
2499 5271 2799 5325 certamina
2831 5288 2929 5340 per
2975 5288 3194 5329 omnem
3243 5285 3452 5334 terram
3498 5281 3585 5335 in-

2005 5365 2359 5431 crcbuerunt,
2392 5364 2540 5419 hunc
2596 5365 2697 5419 iste
2730 5375 3007 5420 asseverat
3029 5381 3088 5421 se
3127 5368 3401 5438 ignorare,
3428 5372 3585 5440 quasi

2006 5456 2098 5526 qui
2131 5466 2240 5510 tam
2275 5463 2548 5524 provectas
2582 5457 2760 5511 aetatis
2791 5456 2962 5512 fuerit
2993 5469 3291 5530 utrumque
3321 5470 3582 5530 expertus

2002 5557 2171 5613 esset,
2220 5557 2428 5617 utquaz
2463 5540 2588 5602 ante
2628 5548 2796 5618 pedes
2825 5558 2988 5604 erant
3042 5566 3220 5606 cacus
3252 5568 3362 5607 non
3417 5554 3582 5609 vidis-

2002 5652 2106 5705 set,
2140 5649 2194 5696 et
2233 5658 2354 5712 quae
2390 5642 2445 5696 in
2479 5656 2575 5696 ore
2606 5643 2878 5710 omnium,
2920 5645 3121 5700 surdus
3167 5662 3278 5701 non
3313 5647 3577 5704 audisset.

2001 5735 2155 5802 Quod
2191 5735 2419 5805 perinde
2454 5743 2539 5790 est
2573 5749 2638 5789 ac
2667 5734 2713 5789 si
2754 5736 2880 5804 quis
2905 5734 2972 5791 de
3007 5737 3138 5792 solis
3165 5737 3290 5793 luce
3321 5755 3426 5808 qua
3471 5750 3584 5795 ter-

2002 5846 2189 5884 rarum
2215 5839 2411 5883 cuncta
2443 5829 2840 5883 collustrantur
2861 5831 3074 5886 nescire
3096 5845 3155 5886 se
3188 5831 3422 5887 aﬂ‘irmet
3445 5847 3577 5888 num

2001 5922 2126 5992 quis
2166 5937 2197 5975 c
2227 5921 2368 5977 vivis
2401 5935 2466 5976 ea
2501 5919 2801 5979 frueretur.
2835 5922 2942 5979 Sed
2988 5939 3019 5980 e
3067 5923 3284 5980 duobus
3347 5926 3579 5982 alterum
