4074 6516
584 374 687 441 351

589 499 758 568 γίαις.
813 498 1265 570 ἁλληλογαμίαις,

1748 386 2166 448 ΝΙιζΕΡΙΙῡῐὶΙ
2203 384 2582 450 ϐΒΕϐΟΒίΕ

1353 503 1448 555 καὶ
1530 502 1865 570 ἁπαξαπλῶς
1913 506 1971 558 ιν
2024 505 2228 569 πάσαις
2263 505 2528 568 ἀσωτίαις
2585 499 3090 572 ἑγκυλινδούμενοι,
3152 498 3221 552 τά
3279 499 3500 553 τοιαῦτα
3556 497 3826 566 πράττειν

3714 375 3828 441 352

590 590 818 655 ἀπαθῶς
868 592 1276 679 τερατεύονται,
1352 593 1694 663 ἀναισθήτως
1755 596 2036 660 νοσοῦντες
2085 596 2185 664 τὴν
2224 596 2552 663 ιμπάθειαν,
2591 597 2683 651 καί⁸
2737 593 3059 662 ἀναλγήτως
3104 589 3198 660 ὑφ’
3262 590 3473 645 ἀαυτῶν
3517 590 3824 661 πάσχοντες

591 688 688 739 καὶ
726 688 835 739 τῶν
876 689 937 741 ἀν
966 689 1149 753 αύτοίς
1191 690 1487 744 οἰκούντων
1531 686 2041 763 δαιμόνων,’ὥσπερ
2091 692 2142 744 οί
2180 694 2445 761 φρενίτιδι
2478 694 2836 764 κατεχόμενοι
2863 693 3025 759 νόσῳ.

664 775 807 831 XIII.
861 777 1113 833 Inveniet
1150 789 1336 833 autem
1358 780 1673 852 quicunque
1702 784 1993 838 consulere
2024 782 2152 837 velit

2325 784 2425 839 ll".
2436 784 2583 854 Εύρὴ
2592 801 2670 837 σει
2691 782 2735 836 δ’
2752 783 2781 836 ό
2798 782 3121 851 βουλόμενος
3138 781 3482 853 περὶτούτων
3500 777 3603 831 κάν
3616 774 3694 851 τῷ
3706 776 3825 847 ὅρῳ

593 867 652 923 iu
698 867 985 936 disciplina
1035 868 1104 924 de
1156 870 1413 938 practicis
1460 883 1661 927 sanctae
1701 884 1759 927 et
1789 872 2150 929 ~cecumenica:

594 959 770 1014 tertia
798 960 1017 1029 synodi,
1050 962 1216 1015 etiam
1262 964 1526 1041 septimae,
1562 964 1839 1033 quomodo
1868 964 2155 1020 diﬂ‘ament

591 1060 649 1105 et
678 1050 1053 1106 condemnent
1080 1052 1258 1122 turpia
1306 1047 1503 1110 borum
1528 1055 1769 1111 facinora
1792 1066 1849 1112 et
1874 1056 2154 1127 quomodo

591 1138 951 1196 Massaliauos
986 1143 1121 1199 istos
1151 1144 1425 1213 appellent
1450 1152 1509 1199 et
1536 1145 1936 1203 Marcionistas.
1987 1146 2157 1202 Satis-

591 1230 795 1287 faeient
818 1246 1002 1288 autem
1032 1251 1179 1289 nunc
1205 1236 1271 1291 ad
1296 1236 1628 1292 evidentiam
1660 1239 1766 1295 alia
1793 1240 2028 1308 plurima
2072 1250 2154 1294 te-

589 1320 848 1376 stimonia
889 1322 1166 1378 luculenta
1217 1335 1274 1382 et
1320 1341 1429 1394 pra:
1479 1328 1600 1383 aliis
1645 1326 1902 1384 omnibus
1938 1343 2061 1398 quae
2086 1330 2155 1384 ab

592 1412 736 1465 Atlio
763 1423 946 1467 monte
973 1413 1057 1469 bis
1080 1426 1137 1468 et
1162 1425 1245 1470 ter
1268 1427 1324 1473 et
1350 1419 1549 1488 sapius
1572 1419 1640 1474 ad
1666 1434 1768 1475 nos
1786 1430 2156 1490 pervenerunt

589 1503 842 1573 evulgata
864 1514 917 1558 ct
940 1504 1110 1561 libere
1129 1507 1302 1574 palam
1320 1509 1569 1579 exposita
1582 1509 1935 1576 documenta,
1954 1511 2155 1580 quibus

590 1594 814 1649 illorum
847 1598 1062 1666 singula
1108 1597 1309 1668 ﬂagitia
1357 1600 1692 1656 indicantur.
1751 1599 1821 1656 At
1864 1605 1909 1656 si
1939 1603 2155 1670 pietatis

589 1694 788 1740 nostra
809 1697 863 1741 et
888 1700 1090 1743 sanctae
1112 1689 1376 1745 doctrinae
1394 1692 1655 1747 intererat
1678 1692 1982 1762 intelligere
2017 1708 2156 1761 quo-

588 1777 753 1829 modo
794 1776 1018 1833 Tltabor
1058 1787 1115 1833 et
1161 1779 1398 1835 Hermon
1444 1781 1497 1835 in
1528 1782 1748 1837 nomine
1773 1783 1984 1838 Demini
2008 1785 2154 1840 cele-

588 1870 727 1925 brati
753 1882 961 1935 essent,
995 1882 1052 1928 et
1098 1877 1141 1927 si
1181 1875 1284 1929 hac
1318 1875 1386 1929 de
1419 1890 1479 1941 re
1516 1879 1891 1931 necessarium
1928 1878 2153 1931 omnino

588 1974 708 2019 erat
728 1980 850 2035 quae
871 1979 996 2019 cum
1023 1964 1305 2021 miraculis
1331 1965 1406 2019 ibi
1428 1964 1590 2021 editis
1613 1967 1903 2036 conjuncta
1929 1968 2156 2021 fuissent

589 2055 892 2125 inquirere.
924 2057 1101 2127 iisque
1123 2057 1534 2136 venerationem
1560 2072 1828 2127 summam
1868 2058 2112 2113 tribuere
2138 2074 2152 2111 :

587 2148 825 2219 primum
848 2162 988 2216 opus
1012 2154 1131 2202 erat
1157 2156 1215 2202 ut
1254 2162 1285 2201 a
1312 2149 1445 2203 viris
1470 2149 1645 2203 doctis
1685 2164 1807 2217 qua!
1852 2159 2019 2204 certa-
2045 2150 2154 2203 sint

586 2252 840 2299 accurate
873 2243 1307 2313 inquirerentur,
1337 2243 1501 2314 393
1526 2258 1702 2313 neque
1742 2244 2039 2313 quidquam
2071 2245 2156 2297 in—

583 2334 785 2403 iustius
840 2342 955 2388 erat
1014 2348 1175 2403 quam
1230 2333 1297 2389 de
1329 2347 1396 2389 eo
1430 2332 1522 2404 qui
1556 2334 1626 2388 de
1673 2344 1855 2389 nostra
1909 2334 2156 2389 doctrina

587 2423 916 2491 loquebatur
938 2422 983 2476 si
1015 2437 1205 2477 revera
1244 2423 1346 2477 viri
1372 2423 1523 2478 docti
1564 2423 1858 2493 plurimum
1906 2424 2159 2477 valebant

586 2531 900 2586 quanquam
960 2530 1066 2569 non
1115 2515 1306 2569 eadem
1357 2514 1589 2570 facultas
1633 2516 1844 2570 caeteris
1901 2515 2157 2570 omnibus

587 2606 765 2661 inerat
796 2609 887 2675 qui
922 2606 1204 2662 nobiscum
1230 2607 1435 2660 faciunt
1467 2605 1824 2674 eamdemque
1850 2606 2155 2661 doctrinam

589 2698 821 2762 habent,
861 2711 1130 2765 quaerere,
1159 2711 1290 2751 num
1321 2712 1352 2751 e
1385 2712 1614 2752 numero
1645 2707 1892 2752 sutorum
1915 2706 2011 2752 aut
2051 2698 2158 2751 fos-

587 2804 775 2845 sorum
808 2796 903 2842 aut
931 2788 1301 2857 sophistarum
1331 2798 1497 2843 esset.
1538 2787 1743 2843 Deinde
1773 2796 1953 2843 autem
1983 2790 2157 2844 fateOr

590 2883 637 2936 si
696 2882 849 2936 nullo
911 2878 1073 2934 modo
1113 2880 1367 2936 evitabile
1419 2888 1478 2935 et
1530 2893 1755 2949 prorsus
1788 2883 2154 2935 necessarium

587 2970 803 3033 fuisset:
855 2985 944 3025 me
998 2985 1339 3039 nequaquam
1414 2969 1488 3025 lbi
1566 2970 1898 3025 omissurum
1986 2969 2156 3024 fuisse

586 3063 755 3119 verba
788 3064 988 3126 facere,
1014 3078 1082 3118 eo
1112 3072 1170 3117 ut
1199 3078 1447 3117 caverem
1481 3063 1615 3117 mibi
1646 3077 1713 3116 ne
1745 3062 2001 3116 ludibriis
2019 3061 2153 3115 mihi

587 3154 963 3210 obtrectarent
984 3168 1200 3223 unaque
1229 3154 1351 3208 aliis
1373 3155 1464 3224 qui
1500 3152 1705 3208 indocti
1735 3162 1863 3209 sunt
1894 3169 1962 3207 ne
1996 3152 2157 3208 facile

589 3262 621 3302 a
695 3246 943 3302 scelestis
1020 3246 1312 3315 impietatis
1367 3245 1691 3315 praesidibus
1746 3244 2154 3315 deciperentur.

580 3338 745 3394 Nunc
785 3352 917 3393 vero
974 3351 1098 3392 cum
1156 3351 1349 3390 vanam
1397 3351 1589 3392 eorum
1635 3335 2153 3391 demonstrationem

2254 874 2363 928 τῶν
2400 875 2723 945 Πρακτικῶν
2750 875 2848 943 τῆς
2880 873 3045 940 ἀγίας
3076 874 3172 928 καὶ
3198 871 3591 942 οίκουμενικῆς
3617 869 3821 939 τρίτης

2257 967 2500 1035 συνόδου,
2529 967 2626 1021 καὶ
2655 966 2855 1035 ὁμοίως
2888 967 2986 1035 τῆς
3027 965 3285 1036 ἑϐδόμης.
3319 964 3470 1026 ὅπως
3514 979 3573 1016 τε
3601 963 3820 1028 ἐκπομ-

2258 1060 2485 1114 πεύουσι
2540 1059 2632 1113 καὶ
2688 1056 3149 1128 ἀναθεματίζουσι
3196 1057 3295 1121 τὰς
3330 1053 3583 1126 μυσαρὰς
3633 1051 3821 1108 αὐτῶν

2255 1152 2544 1218 ἱργασίας,
2597 1150 2690 1203 καὶ
2726 1141 2873 1212 ὅπως
2921 1149 3047 1208 τοὺς
3088 1147 3283 1211 αὐτοὺς
3324 1142 3712 1207 Μασαλιανούς
3755 1157 3820 1195 τε

2256 1241 2483 1297 καλοῦσι
2529 1242 2623 1296 καὶ
2661 1241 3108 1309 Μαρκιωνιστάς.
3148 1238 3465 1310 ’ἀρκέσουσι
3517 1236 3564 1290 δ’
3593 1235 3674 1289 ἔτι
3724 1234 3825 1287 καὶ

2256 1333 2351 1387 νῦν
2379 1334 2434 1391 ις
2462 1332 2696 1403 δήλωσιν
2721 1332 2857 1386 ἀλλα
2879 1349 2939 1386 τε
2960 1332 3186 1386 πλεῖστα
3218 1330 3499 1401 μαρτύρια
3525 1329 3620 1384 καὶ
3644 1328 3820 1396 σαφῆ,

2254 1428 2349 1481 καὶ
2372 1426 2479 1494 πρό
2506 1444 2570 1495 γε
2602 1428 2822 1481 πάντων
2850 1426 2898 1479 οί
2925 1427 2989 1479 ἐκ
3018 1424 3113 1480 τοῦ
3130 1424 3293 1480 Ἄθω
3320 1423 3411 1479 τοῦ
3432 1423 3592 1494 ὅρους
3615 1420 3710 1475 καὶ
3738 1419 3826 1484 δὶς

2257 1518 2354 1571 καὶ
2385 1518 2505 1584 τρὶς
2534 1516 2631 1570 καὶ
2672 1514 2935 1579 πολλάκις
2966 1515 3286 1587 ὶληλυοότες
3320 1510 3827 1585 πεπαρρησιασμέ-

2254 1628 2337 1663 νοι
2379 1610 2476 1664 καὶ
2515 1606 2770 1681 ὕπαιθροι
2800 1609 2978 1677 τόμοι.
3018 1607 3088 1663 τά
3135 1608 3338 1663 τούτων
3365 1606 3565 1677 αίσχρά
3608 1602 3732 1659 καθ’
3763 1603 3828 1656 ἓ-

2258 1717 2439 1755 καστα
2476 1700 2872 1769 παριστῶντες.
2905 1699 3047 1755 Ἀλλ’
3079 1701 3129 1755 εί
3162 1699 3261 1771 μὶν
3305 1698 3451 1753 τοῦτ’
3478 1693 3544 1768 ἦν
3567 1699 3596 1751 ό
3625 1696 3723 1764 τῆς
3756 1696 3818 1764 ἡ.

2261 1790 2381 1858 μῶν
2426 1788 2714 1852 ιῦσεσιίας
2745 1791 2841 1845 καὶ
2877 1790 3114 1853 πίστεως
3147 1790 3294 1858 ὄρος,
3329 1788 3528 1844 ειδέναι
3556 1786 3676 1849 πῶς
3710 1786 3827 1839 Θα-

2257 1878 2377 1949 σὼρ
2424 1879 2518 1933 καὶ
2562 1879 2787 1949 Ἐρμὼν
2828 1883 2888 1934 δν
2920 1880 2997 1948 τῷ
3034 1880 3260 1952 ὀνόματι
3310 1878 3514 1947 κυρίου
3556 1867 3827 1948 ἠγαλλιά-

2258 1987 2443 2036 σαντο,
2478 1971 2692 2034 καὶέίς
2718 1970 2865 2025 τοῧτὲ
2908 1971 3155 2041 ἀνάγκης
3202 1965 3273 2041 ἦν
3311 1971 3371 2025 τὸ
3397 1969 3865 2039 περιιστάμενον“

2256 2059 2357 2122 τάς
2405 2061 2523 2112 las!
2567 2059 3008 2129 θαυματοποιίας
3040 2058 3240 2113 εἰδέναι
3293 2060 3391 2114 καὶ
3434 2057 3659 2121 ταύταις
3714 2057 3826 2125 τῆς

2259 2148 2686 2217 προσκυνήσεως
2712 2148 2898 2217 νέμειν
2919 2148 2979 2201 τὸ
3008 2147 3071 2220 [ί.
3101 2147 3193 2204 161
3231 2147 3307 2221 0.]
3337 2148 3649 2218 κράτιστον,
3671 2146 3826 2201 ποῶ-

2256 2254 2349 2289 τον
2379 2238 2478 2307 μὶν
2508 2238 2689 2303 σοφῶν
2732 2237 2945 2308 ἀνδρῶν
2973 2239 3143 2293 ἐδεῖτο
3185 2240 3321 2309 πρὸς
3346 2239 3571 2309 ἔρευναν
3610 2240 3826 2306 τάσφα-

2256 2330 2380 2393 λοῦς
2406 2330 2635 2400 ἀκριϐῆ,
2674 2331 2769 2384 καὶ
2807 2330 2961 2385 οὐδὲν
3008 2331 3075 2385 ἀν
3099 2327 3168 2403 ἦν
3197 2332 3526 2400 ἀδικώτερον
3556 2330 3697 2386 κατά
3726 2332 3824 2385 τδν

2258 2422 2484 2475 εἰπόντα
2505 2421 2606 2491 τῆς
2634 2422 2915 2492 ἡμετέρας
2941 2421 3199 2487 πίστεως,
3230 2424 3278 2476 εί
3307 2421 3367 2476 τὸ
3401 2422 3564 2475 πλέον
3597 2416 3745 2492 εἶχον
3770 2421 3822 2475 οἱ

2258 2515 2432 2580 σοφοὶ,
2485 2513 2578 2565 καὶ
2621 2512 2721 2565 οὐκ
2760 2511 2852 2567 ἐπ’
2878 2511 3003 2583 ισης
3040 2512 3133 2566 τοῦ
3168 2512 3437 2576 σώζεσθαι
3476 2516 3612 2567 πᾶσι
3646 2512 3823 2583 μετῆν

2255 2602 2556 2671 ὁμοφύλοις
2586 2602 2679 2656 καὶ
2711 2604 3063 2674 ὁμογνώμοσι
3097 2606 3195 2672 τὴν
3234 2604 3539 2667 εὐσέϐειαν.
3569 2604 3823 2659 sits-«Iw

2258 2698 2504 2749 σκυτέων
2550 2711 2636 2758 τις
2669 2697 2757 2765 εἴη
2782 2697 2879 2750 καὶ
2909 2695 3234 2750 σκαπανέων
3264 2698 3358 2751 καὶ
3403 2695 3459 2748 εί
3478 2713 3559 2759 τις
3591 2695 3704 2749 τῶν
3730 2712 3823 2749 σο·
3876 2732 3885 2741 ι

2257 2786 2486 2856 φιστῶν.
2518 2787 2785 2858 Δεύτερον
2822 2788 2868 2841 δ’
2887 2788 3099 2857 εἴποιμι
3124 2788 3191 2841 ἀν
3221 2787 3296 2850 ὡς
3321 2788 3401 2851 είς
3428 2787 3601 2857 βίαιόν
3628 2804 3683 2840 τι
3725 2789 3823 2843 καὶ

2255 2879 2665 2950 ἀναπόδραστον
2695 2878 2755 2932 τὸ
2791 2878 2888 2949 τῆς
2920 2879 3165 2950 ἀνάγκης
3207 2878 3456 2933 ἀνταυθοῐ
3499 2879 3825 2947 περιίστατο

2253 2970 2540 3037 τρόπαιον,
2575 2972 2702 3039 περὶ
2732 2968 2929 3031 πολλοῦ
2979 2968 3132 3039 μέντ’
3166 2970 3233 3021 ἀν
3262 2972 3357 3022 καὶ
3387 2968 3571 3037 αὐτὸς,
3615 2969 3821 3039 μᾶλλον

2254 3060 2310 3115 δδ
2338 3061 2434 3115 τοῦ
2477 3062 2677 3124 παντὸς
2707 3059 3008 3131 ἐποιούμην
3035 3060 3099 3115 τδ
3142 3061 3324 3129 λέγειν
3352 3060 3608 3127 ινταῦοα,
3651 3062 3823 3129 ἐμαυ-

2253 3154 2350 3207 τοῦ
2386 3149 2961 3225 τεπρομηθούμενος,
3015 3151 3091 3215 ὡς
3144 3152 3220 3222 μὴ
3271 3152 3661 3223 διασαλλοίμην
3707 3155 3821 3215 τοῖς

2257 3246 2697 3314 φιλοσκώμμοσι,
2743 3245 2838 3298 καὶ
2868 3244 2986 3313 ἅμα
3027 3244 3135 3297 τῶν
3179 3242 3577 3314 ἀφιλεστέρων,
3624 3243 3702 3307 ὡς
3743 3244 3819 3314 μὴ

2257 3338 2455 3411 ῥᾳδίως
2487 3336 2837 3405 ὲξαπατῷντο
2866 3335 3001 3407 πρὸς
3024 3336 3133 3389 τῶν
3162 3336 3394 3389 ἀνοσίων
3426 3336 3523 3400 τῆς
3560 3334 3820 3396 ἀσεδείας

585 3449 710 3490 esse
732 3431 892 3489 nobis
914 3429 1050 3486 satis
1061 3430 1298 3496 eluceat,
1315 3440 1371 3485 et
1398 3430 1603 3485 frustra
1621 3445 1717 3485 eos
1734 3439 1787 3483 et
1806 3428 1925 3485 sine
1949 3435 2151 3483 eventu

2258 3432 2557 3501 προέδρων.
2590 3428 2705 3484 Νὖν
2738 3428 2783 3483 δ’
2805 3428 2995 3495 tmen
3029 3426 3267 3495 ματαίαν
3289 3426 3549 3493 ῑπίδειξιν
3580 3421 3724 3480 εῐναι
3754 3426 3818 3479 τὸ

585 3527 1017 3584 concertationis
1041 3527 1271 3579 multum
1297 3524 1471 3578 lutum
1505 3522 1836 3586 concitasse,
1860 3531 2064 3587 tacere,
2090 3528 2149 3575 ut

584 3617 722 3684 dixi,
755 3616 1021 3671 malebam
1050 3628 1213 3683 quam
1244 3612 1447 3673 dicere.
1488 3625 1590 3664 nec
1632 3624 1765 3665 vero
1789 3624 1854 3665 ea
1885 3610 1953 3664 de
1980 3623 2145 3663 causa

587 3724 652 3763 ac
678 3708 722 3762 si
756 3707 940 3760 dicere
964 3703 1190 3760 omnino
1222 3717 1320 3772 per
1353 3718 1411 3757 se
1442 3702 1635 3756 inutile
1680 3712 1847 3765 esset,
1877 3701 1971 3757 sed
2019 3702 2149 3771 quia

582 3800 746 3856 nobis
771 3800 889 3870 ipso
911 3812 979 3853 eo
1008 3807 1252 3865 tempore
1281 3794 1475 3849 inutile
1510 3794 1625 3849 fore
1650 3793 1960 3849 videbatur.
1994 3792 2150 3858 Quod

585 3892 1017 3961 inopportunum
1044 3902 1167 3942 esse
1197 3895 1251 3941 et
1285 3886 1442 3939 nobis
1494 3894 1751 3953 tanquam
1786 3885 1988 3953 probro
2035 3883 2151 3937 fore

586 3986 766 4056 ipsum
800 3979 933 4037 illud
967 3989 1184 4047 tempus
1220 3978 1352 4032 satis
1376 3976 1652 4031 monebat.
1676 3974 1751 4029 De
1776 3974 1977 4044 quibus
2000 3974 2147 4029 enim

585 4075 945 4146 quaestionem
978 4080 1294 4141 proponunt
1324 4084 1433 4122 non
1478 4067 1878 4129 necessariam,
1908 4065 2026 4121 haec
2058 4080 2148 4121 re-

584 4167 935 4237 sponsionem
956 4161 1320 4217 necessariam
1343 4175 1452 4213 non
1486 4158 1781 4227 postulant.
1799 4155 1977 4212 Audio
1998 4159 2145 4212 enim

588 4272 848 4328 magnum
895 4253 1155 4309 Basilium
1198 4250 1418 4322 quando
1481 4248 1550 4303 ab
1601 4249 1817 4316 Arianis
1870 4260 2153 4320 rogaretur

588 4362 647 4407 ut
672 4352 1017 4408 enuntiatum
1077 4347 1253 4401 «Deus
1303 4343 1511 4399 creavit
1565 4358 1682 4395 me»
1747 4342 2043 4411 explicaret
2095 4340 2149 4395 id

591 4445 908 4514 repudiasse
942 4448 997 4493 et
1025 4437 1229 4491 silentii
1265 4449 1486 4489 causam
1513 4447 1632 4486 eam
1667 4432 1971 4501 professum
2001 4446 2149 4497 esse,

588 4536 737 4609 quod
769 4536 917 4588 nulla
938 4531 1038 4586 sibi
1070 4530 1137 4583 de
1168 4527 1435 4597 ejusmodi
1462 4528 1730 4579 sententia
1760 4525 1975 4579 dicendi
2006 4533 2155 4579 esset

589 4628 909 4688 necessitas,
934 4622 1233 4692 prmsertim
1254 4635 1377 4674 cum
1400 4634 1498 4687 per
1524 4618 2151 4687 parabolametobscura

590 4719 755 4771 verba
787 4723 842 4769 et
873 4716 1155 4782 aenigmata
1187 4711 1396 4778 prolata
1436 4715 1641 4773 essent,
1702 4723 1770 4761 ne
1819 4708 1911 4775 qui
1939 4707 2154 4761 audiret

2256 3523 2492 3589 πρᾶγμα
2553 3520 2842 3573 κατανοεῖν
2891 3519 3023 3587 ἡμῖν
3080 3518 3467 3587 παραγίνεται,
3502 3516 3593 3569 καὶ
3649 3517 3818 3569 πολὺν

2260 3614 2379 3683 μὲν.
2427 3613 2685 3681 ἀνόνητον
2713 3610 2768 3664 δὲ
2800 3611 2894 3664 καὶ
2939 3608 3060 3678 εἰκῇ
3108 3609 3200 3661 τδν
3227 3608 3327 3677 τῆς
3363 3606 3537 3677 ἔριδος
3566 3606 3818 3659 ἐντεῦθεν

2253 3706 2529 3775 κονιορτὸν
2563 3702 2937 3770 ἐγειρόμενον.
2983 3699 3164 3769 σιγᾷν,
3198 3699 3273 3761 ὥς
3317 3700 3554 3768 εἴρηται.
3600 3698 3816 3753 ἐϐουλό-

2258 3813 2367 3866 μην
2399 3795 2464 3847 ἂν
2495 3792 2753 3862 μᾶλλονῆ
2790 3792 2991 3859 λέγειν,
3027 3791 3087 3844 ού
3131 3792 3194 3843 τὸ
3236 3790 3417 3859 λέγειν
3451 3788 3527 3854 ὡς
3555 3790 3820 3860 ἀνόνητον

2255 3888 2397 3942 κατὰ
2446 3891 2609 3955 φύσιν
2653 3886 2897 3956 ὑπάρχον
2942 3884 3353 3954 ἀποσειόμενος,
3406 3883 3521 3937 ἀλλ’
3559 3883 3635 3945 ὡς
3682 3886 3818 3955 ἡμῖν

2256 3981 2501 4050 ὑπάρχον
2542 3980 2801 4047 ἀνόνητον
2833 3978 2979 4046 ἀρτι,
3025 3976 3123 4045 τὴν
3158 3976 3363 4045 ἀωρίαν
3396 3978 3532 4038 τέως
3569 3977 3661 4030 τοῦ
3694 3979 3823 4046 χρό-

2251 4090 2345 4125 νου
2381 4070 2632 4138 καθάπερ
2654 4069 2776 4123 τινὰ
2799 4069 2991 4137 κηλῖδα
3011 4070 3475 4136 συμπεπτωκυίαν
3489 4068 3819 4135 ﬂavoque—:-

2255 4164 2347 4218 οὖν
2371 4161 2546 4230 παρὰ
2586 4162 2645 4213 τὸ
2674 4160 2819 4223 είκδς
2857 4158 3262 4227 ἀναδεξαμένου
3283 4175 3298 4191 ο
3334 4158 3370 4214 ἃ
3398 4162 3504 4228 γὰρ
3531 4159 3821 4229 ὲνδεχομέ-

2254 4273 2353 4324 νην
2376 4254 2475 4306 οὐκ
2510 4251 2817 4319 ἀναγκαίαν
2855 4251 2911 4302 δὲ
2931 4250 3333 4318 προϐάλλονται
3367 4250 3615 4319 ζήτησιν,
3646 4251 3822 4304 ταῦτα

2257 4346 2476 4405 πάντως
2502 4342 2612 4394 οὐδ’
2644 4338 2950 4407 ἀναγκαίαν
2991 4338 3113 4391 τινὰ
3138 4338 3235 4407 τὴν
3265 4339 3557 4407 ἀπόκρισιν
3598 4341 3825 4393 ἀπαιτεῖ

2259 4434 2558 4505 πανταχοῦ.
2597 4432 2805 4487 Ἀκούω
2833 4432 2941 4499 γάρ
2972 4433 3064 4484 καὶ
3116 4430 3211 4483 τοῦ
3254 4431 3494 4499 μεγάλου
3538 4431 3821 4486 Βασιλείου

2258 4525 2737 4598 περιφρονούντος,
2766 4524 2930 4576 ὁπότε
2972 4524 3106 4593 πρὸς
3150 4522 3258 4576 τῶν
3286 4510 3608 4592 θἈρειανῶν
3653 4526 3823 4579 ἀπαιο

2256 4623 2400 4675 τοῐτο
2429 4618 2527 4687 τὴν
2545 4617 2663 4678 τοῦ.
2704 4636 2721 4668 ι
2756 4616 2963 4683 Κύριος
2993 4615 3172 4668 ἐκτισέ
3208 4632 3300 4681 με,
3343 4633 3361 4665 ι
3402 4615 3586 4683 φωνὴν
3610 4616 3824 4684 ἐξηγεῖ.

2258 4712 2406 4770 σθαι,
2442 4710 2535 4761 καὶ
2566 4708 2665 4777 τῆς
2690 4708 2852 4777 σιγῆς
2879 4706 2978 4775 τὴν
3003 4705 3180 4759 αίτίαν
3211 4708 3533 4773 φάσκοντος,
3567 4708 3640 4775 μὴ
3680 4703 3820 4762 εἶναι

588 4809 752 4880 399
781 4806 1020 4873 ambigui
1051 4804 1311 4871 quiddam
1336 4801 1461 4855 inde
1486 4801 1818 4868 conciperet.
1842 4800 2153 4869 Eademque

2257 4800 2456 4870 δηλαδὴ
2511 4799 2781 4867 μηδεμίαν
2838 4798 3086 4865 ἀνάγκην
3143 4797 3273 4865 περὶ
3335 4796 3589 4866 τοιαύτης
3644 4797 3821 4866 λέγειν

589 4905 659 4957 de
688 4918 849 4956 causa
894 4915 995 4969 ego
1039 4910 1255 4966 quoque
1312 4908 1492 4951 tacere
1541 4895 1614 4947 ibi
1671 4894 1960 4957 malebam,
1990 4894 2154 4963 idque

2259 4893 2465 4962 φωνῆς,
2497 4890 2588 4943 καὶ
2618 4888 2791 4941 ταῦτα,
2814 4887 2900 4941 διὰ
2924 4886 3251 4956 παραϐολῶν
3288 4888 3384 4940 καὶ
3413 4889 3707 4940 σκοτεινῶν
3734 4890 3819 4942 λό-

591 5008 700 5047 non
729 4992 902 5044 solum
930 4998 1151 5057 propter
1180 5001 1242 5041 ea
1267 5002 1387 5055 qua:
1409 4999 1571 5053 supra
1595 4985 1841 5053 exposui,
1870 4983 1964 5038 sed
1988 4985 2152 5038 etiam

592 5093 817 5154 propter
853 5080 1080 5149 plurima
1122 5080 1245 5133 alia.
1299 5077 1437 5133 Sunt
1460 5077 1603 5129 enim
1631 5079 1723 5146 qui
1752 5092 2005 5131 sermone
2033 5093 2157 5146 per-

592 5180 783 5247 spicuo
822 5184 1066 5240 utantur,
1120 5175 1209 5227 alii
1262 5176 1351 5242 qui
1380 5187 1607 5241 prorsus
1661 5186 1767 5225 non
1820 5170 2153 5241 perspicuo;

593 5273 685 5338 qui
721 5270 822 5323 etsi
877 5268 1212 5338 argumentis
1266 5282 1373 5319 non
1410 5264 1667 5319 dim-runt
1698 5280 1724 5317 a
1762 5264 1941 5329 nobis,
1971 5272 2150 5317 tamen

594 5363 779 5418 verbis
812 5372 866 5415 et
896 5360 1121 5414 vocibus
1156 5359 1268 5413 suis
1300 5355 1675 5427 peculiaribus
1706 5355 1929 5410 dill'erre
1955 5354 2118 5408 viden

601 5464 687 5509 tur
718 5455 783 5507 iis
813 5454 903 5521 qui
934 5452 1135 5506 indocti
1169 5458 1298 5505 sunt
1325 5458 1381 5502 et
1412 5449 1609 5517 quibus
1636 5463 1819 5501 sacras
1844 5446 2160 5516 Scripturas

601 5545 654 5599 in
684 5541 1113 5597 controversiam
1148 5540 1350 5593 ducere
1382 5539 1573 5606 placet.
1643 5538 1758 5589 Alio
1790 5546 1971 5589 autem
2002 5533 2163 5587 tnodo

602 5632 914 5701 intelligunt
944 5633 1036 5699 qui
1073 5632 1127 5684 in
1161 5627 1474 5699 hujusmodi
1504 5628 1666 5680 rebus
1696 5626 1924 5679 nimium
1949 5639 2163 5691 semper

602 5723 896 5792 exquirere
951 5730 1007 5775 et
1058 5737 1155 5789 per
1204 5719 1491 5787 allegorias
1541 5716 1725 5771 dicere
1766 5716 2001 5779 volunt;
2056 5712 2164 5767 alio

610 5817 775 5868 modo
800 5814 891 5879 qui
928 5812 1246 5880 simpliciter
1276 5811 1622 5877 interpretari
1651 5815 1705 5862 ct
1741 5807 2012 5861 illustrare
2046 5814 2163 5858 stu—

2258 5002 2370 5053 γων
2396 4984 2487 5036 καὶ
2510 4982 2852 5049 αἰνιγμάτων
2898 4978 3393 5049 προενηνεγμένης,
3418 4978 3491 5039 ὥς
3521 4980 3692 5047 μηδὲν
3720 4981 3817 5034 ἀν-

2257 5076 2672 5145 αμφισδήτητον
2697 5069 2839 5125 εἶναι
2868 5071 3057 5125 λαϐεῖν
3088 5070 3147 5135 ἐξ
3197 5070 3371 5138 αὐτῆς
3406 5071 3496 5125 τὸν
3529 5073 3816 5129 ἀκούοντα.

2261 5168 2359 5221 Διὰ
2386 5166 2517 5232 γοῦν
2545 5164 2720 5218 ταῦτα
2763 5160 2919 5227 κάγὼ
2955 5163 3170 5231 σιωπᾷν
3213 5160 3515 5230 ἐϐουλόμην
3544 5162 3707 5225 αὐτὸς
3735 5164 3823 5217 ἐν-

2260 5258 2472 5312 ταυθοί.
2502 5258 2608 5308 Καὶ
2644 5255 2718 5325 μὴ
2751 5254 2911 5322 μόνον
2938 5252 3003 5305 δι’
3032 5252 3067 5307 a
3099 5252 3709 5322 προαπηριομησάμην,
3740 5256 3821 5309 ὅτι

2266 5349 2341 5420 μὴ
2364 5348 2458 5400 καὶ
2493 5347 2669 5400 ἄλλων
2696 5346 2868 5413 δήπου
2896 5344 3164 5396 πλείστων
3190 5342 3377 5396 ἕνεκα.
3410 5346 3518 5397 Καὶ
3556 5346 3663 5413 γὰρ
3694 5345 3822 5400 ἔνιοι

2266 5437 2364 5506 μὲν
2398 5435 2667 5505 σαφηνείᾳ.
2711 5433 2978 5501 γλώττης,
3016 5431 3147 5484 ἔνιοι
3201 5432 3243 5483 δ’
3282 5432 3481 5499 ἥκιστα
3507 5432 3820 5501 κέχρηνται,

2264 5530 2360 5583 καὶ
2388 5530 2435 5581 εί
2468 5528 2543 5595 μὴ
2573 5528 2693 5589 ταῖς
2719 5525 2973 5587 ἐννοίαις,
2999 5523 3113 5575 ἀλλ’
3136 5523 3231 5575 οὖν
3268 5526 3333 5591 τῇ
3368 5540 3431 5589 γε
3466 5520 3607 5587 λέξει
3635 5526 3728 5578 καὶ
3748 5523 3823 5591 τῷ

2262 5621 2361 5687 τῆς
2394 5620 2649 5689 φράσεως
2688 5616 2930 5685 σχήματι
2963 5616 3301 5685 διενηνέχίὶαι
3336 5614 3583 5666 δοκοῦσιν
3608 5614 3819 5684 ἐνιαχοῦ

2262 5712 2373 5769 τοῖς
2400 5707 2629 5780 ἀμαθῶς
2650 5722 2709 5758 τε
2734 5705 2831 5758 καὶ
2865 5704 3155 5771 ἐριστικῶς
3187 5705 3309 5765 ταῖς
3339 5703 3579 5773 Γραφαίς
3611 5700 3823 5771 ὁμιλοῦ-

2269 5820 2369 5855 σιν.
2405 5803 2513 5855 Καὶ
2552 5800 2724 5863 ἄλλως
2780 5799 2878 5868 μὲν
2918 5794 3000 5859 οἷς
3053 5798 3120 5852 τὰ
3184 5798 3312 5867 περὶ
3362 5794 3552 5849 τούτου
3583 5794 3698 5865 me;
3729 5793 3822 5865 μὲν
