4074 6496
494 367 603 432 309

1710 357 2132 420 NlCEPllORl
2168 359 2554 423 ϐΒΕϐΟΙῖίΕ

3639 349 3753 413 400

486 491 589 542 sed
617 491 798 541 creata
816 490 967 545 sunt,
996 491 1339 551 quaecunque
1376 474 1443 530 ad
1469 454 1714 529 calorem
1744 483 1801 526 ct
1833 473 2068 525 formam

2176 473 2275 525 ὅσα
2296 474 2548 544 χρώμασι
2586 474 2677 529 καὶ
2713 474 2957 545 σχήμασι
2978 470 3073 524 καὶ
3103 468 3404 538 γλυκύτησι
3432 466 3527 521 καὶ
3558 464 3751 534 πικρόο

493 589 546 633 et
572 576 914 632 dulcedinem
932 585 987 628 et
1006 569 1429 626 amaritudinem
1461 576 1518 621 et
1541 564 1765 618 odorem
1792 564 2072 632 pertinent

493 680 545 725 et
581 669 647 723 ad
676 666 996 727 videndum,
1024 660 1385 725 audiendum,
1426 657 1772 713 sentiendum
1807 655 2068 731 increata,

493 758 841 814 nominanda
874 754 1127 827 iudicet?
1158 753 1435 820 Quantum
1488 750 1581 803 ille
1625 747 1953 803 abhorreret
1998 745 2068 801 ab

496 851 708 906 insanis
743 859 798 903 et
828 862 1023 907 sensus
1054 842 1409 915 cXpertibus?

564 942 904 1012 \’lll.iAtque
919 946 981 994 ut
1001 938 1070 993 iis
1098 952 1219 1007 quae
1248 934 1563 1007 singulatim
1589 940 1855 1013 apparent
1905 929 2071 985 rebus

492 1034 761 1088 rationem
791 1032 1524 1095 conlirmemus,atramento
1540 1034 1632 1081 aut
1650 1026 1758 1081 alio
1781 1024 1963 1080 colore
1986 1022 2073 1093 pi-

491 1137 590 1183 cta:
611 1123 807 1180 littera:
842 1131 993 1180 certe
1020 1121 1216 1177 visioni
1238 1120 1497 1193 subjectae
1525 1112 1679 1183 sunt,
1721 1118 1817 1172 sed
1853 1117 1992 1171 ineSt
2014 1123 2071 1171 et

491 1217 647 1287 quasi
666 1217 797 1270 latet
815 1215 871 1269 in
892 1214 987 1268 illo
1008 1222 1321 1268 atramento
1348 1210 1620 1267 sententia
1657 1210 1924 1278 quedam,
1950 1222 2070 1277 quae

491 1308 692 1363 visioni
723 1305 941 1361 subdita
976 1319 1100 1360 esse
1150 1302 1301 1358 nullo
1356 1302 1519 1358 modo
1578 1311 1777 1373 potest.
1816 1305 2069 1354 Attamen

481 1399 651 1473 £51
682 1398 941 1469 quoniam
980 1396 1146 1452 homo
1177 1411 1243 1451 ex
1273 1396 1455 1450 anima
1487 1403 1543 1449 et
1569 1408 1802 1464 corpore
1829 1400 2066 1458 constat,

488 1502 545 1546 et
582 1506 683 1563 per
713 1490 1054 1560 corporalem
1084 1500 1141 1543 et
1170 1486 1480 1542 sensualem
1514 1486 1776 1538 Viainnom
1819 1476 2069 1553 apprime

492 1580 729 1651 percipit
785 1580 1035 1650 corporis
1071 1581 1297 1643 tortiles,
1339 1592 1438 1648 per
1469 1574 1760 1631 meutalem
1792 1583 1846 1628 et
1881 1574 2073 1627 invisi-

480 1671 657 1725 bilem
684 1671 881 1725 animae
914 1669 1138 1725 oculum
1192 1668 1501 1722 sententias
1552 1680 1675 1736 qua:
1730 1664 1929 1720 litteris
1958 1664 2067 1718 illis

492 1763 705 1818 insunt.
736 1762 814 1818 Ac
856 1758 1127 1815 mundum
1159 1759 1343 1823 illum,
1378 1759 1472 1827 qui
1499 1772 1531 1812 e
1572 1758 1714 1811 cmlo
1753 1766 1809 1811 et
1838 1764 1982 1810 terra
2010 1763 2066 1810 et

2177 580 2301 631 τησι
2333 565 2431 620 καὶ
2478 568 2678 636 ὀσμαῖς
2705 564 3009 618 εὐπόκιιται
3055 564 3151 615 καὶ
3202 561 3341 629 ἀκοῇ
3366 558 3459 611 καὶ
3498 558 3622 625 ὕψει
3655 557 3753 608 καὶ

2176 655 2288 725 ἀφῇ
2331 656 2605 727 κρίνεται,
2637 657 2823 726 λέγειν
2855 656 3121 715 ἂκτιστας
3148 652 3274 705 τίδ’
3307 649 3555 705 ἀπεοίκοι
3578 647 3644 701 ἂν
3666 644 3755 700 οῦ-

2172 763 2266 811 τος
2300 749 2410 801 τῶν
2438 748 2785 818 μαινομένων
2817 748 2849 812 ἢ
2894 745 3275 812 ἀναισθήτων;

2243 923 2329 978 H'.
2366 924 2475 979 Καὶ
2508 926 2576 980 ἵν’
2601 927 2666 979 ἑκ
2695 924 2806 979 τῶν
2861 925 2983 978 καθ’
3008 925 3217 988 ἕκαστα
3266 926 3608 992 φαινομένων
3662 923 3755 973 τὸν

2173 1016 2330 1084 λόγον
2356 1017 2747 1087 γυμνάσωμεν,
2773 1016 2841 1068 τὰ
2866 1015 2955 1069 διὰ
2990 1016 3219 1084 μέλανος
3272 1017 3305 1085 ἢ
3355 1014 3419 1067 δι’
3443 1014 3601 1067 ἄλλον
3655 1011 3749 1063 τοῦ

2173 1109 2463 1179 χρώματος
2486 1108 2789 1179 γράμματα
2820 1107 2929 1161 τῶν
2961 1106 3269 1183 αἰσθήσεων
3306 1107 3403 1177 μὲν
3437 1107 3752 1159 ὑπόκεινται

2172 1198 2391 1263 πάντως
2417 1201 2482 1269 τῇ
2515 1198 2637 1267 ὕψει
2660 1214 2673 1230 ⁸
2701 1198 2816 1252 ἀλλ’
2856 1198 2970 1268 ἔχει
3001 1199 3097 1251 καὶ
3125 1198 3250 1251 νοῦν
3296 1200 3616 1265 ἐγκείμενον
3659 1200 3756 1251 καὶ

2174 1291 2546 1361 κρυπτόμενον
2563 1293 2620 1344 ὲν
2633 1288 2712 1361 τῷ
2737 1290 2951 1359 μέλανι,
2973 1290 3421 1361 ἀπηγορευμένον
3442 1290 3535 1343 καὶ
3551 1289 3757 1343 ἀδυνὰ-

2171 1401 2265 1437 του
2292 1386 2642 1437 παντάπασιν
2670 1383 2819 1447 ὄντος
2835 1382 2957 1453 ὄψει
2988 1383 3180 1437 τοῦτον
3210 1381 3757 1450 ὑποτεθῆναι.”ομως

2172 1476 2473 1546 ἐπειδήπερ
2512 1478 2539 1531 ό
2578 1474 2867 1546 ἄνθρωπος
2904 1474 3129 1538 διπλοῦς
3169 1477 3232 1529 ὲκ
3270 1474 3451 1545 ψυχῆς
3493 1476 3755 1544 συνετέθη

2173 1568 2267 1619 καὶ
2302 1568 2591 1636 σώματος,
2626 1568 2720 1621 καὶ
2754 1566 3085 1637 ἀμφοτέρων
3120 1566 3345 1619 ἐκείνων
3377 1566 3592 1628 οἰκείως
3630 1567 3756 1618 ἑπι-

2171 1655 2536 1723 λαμὸάνεται,
2566 1656 2654 1710 διὰ
2683 1657 2783 1727 μὲν
2811 1655 2913 1724 τῆς
2944 1658 3263 1727 σωματικῆς
3294 1656 3390 1709 καὶ
3418 1656 3757 1725 φαινομένης

2170 1747 2348 1816 ὅψεως
2371 1748 2479 1801 τῶν
2502 1748 2590 1802 διὰ
2619 1748 2872 1819 σώματος
2899 1749 3288 1819 χαρακτήρων,
3313 1749 3401 1802 διὰ
3426 1748 3480 1802 δὲ
3507 1727 3601 1800 τοῦ
3630 1766 3754 1801 vos.

486 1869 835 1925 quazcuuquc
866 1852 1046 1907 media
1080 1860 1211 1906 sunt
1240 1858 1483 1916 constat,
1508 1849 1769 1903 similiter
1798 1848 1865 1902 ab
1908 1845 2067 1913 initio

2175 1836 2267 1907 ροῦ
2292 1836 2388 1891 καὶ⁸
2412 1837 2653 1906 ἀφανοῦς
2673 1838 2773 1907 τῆς
2795 1836 2975 1908 ψυχῆς
2998 1838 3281 1909 ὀφθαλμοῦ
3304 1839 3413 1892 τῶν
3435 1840 3544 1900 τοῖς
3568 1839 3757 1909 γράμ-

492 1949 744 2003 homines
765 1945 928 2005 modo
953 1944 1270 2000 universum
1300 1940 1464 1997 modo
1486 1941 1773 2011 partialem
1803 1940 1919 1994 visu
1939 1953 2072 1994 con-

489 2038 703 2108 cipiunt
729 2036 1035 2091 secundum
1064 2033 1177 2089 vim
1201 2041 1258 2089 et
1291 2040 1544 2087 naturam
1577 2047 1701 2100 qua:
1730 2031 1805 2085 rei
1850 2030 2069 2085 unicui-

486 2141 600 2196 que
638 2126 800 2181 iucst.
832 2124 907 2186 Ex
942 2122 1029 2178 his
1063 2120 1284 2177 duobus
1313 2120 1562 2176 omnium
1592 2117 1820 2173 omnino
1852 2127 2068 2195 constat

494 2217 735 2287 cognitio
758 2258 773 2281 ,
805 2214 1020 2270 scilicet
1056 2211 1297 2268 seusuali
1330 2209 1686 2280 perceptione
1735 2223 1833 2278 per
1877 2207 2068 2289 oculos

477 2318 541 2363 ct
561 2307 614 2360 vi
656 2303 857 2359 mentis
880 2343 895 2364 .
917 2317 1039 2372 quas
1071 2299 1425 2355 invisibiliter
1454 2312 1550 2366 per
1578 2305 1830 2350 naturam
1857 2295 2065 2349 excita-

488 2416 598 2465 tur,
636 2409 861 2471 apparet
911 2408 1094 2452 autem
1134 2410 1233 2466 per
1255 2394 1468 2449 litteras
1500 2405 1555 2447 et
1583 2406 1917 2445 sermonem.
1944 2388 2069 2445 Haac

485 2492 736 2563 quamvis
781 2504 890 2545 una
926 2490 979 2543 in
1017 2486 1217 2542 multas
1253 2482 1604 2540 distribuitur
1642 2484 2025 2552 perceptiones
2052 2521 2068 2549 ,

483 2582 685 2653 quippe
707 2596 829 2650 quas
862 2579 1139 2646 duplicem
1168 2577 1275 2630 vim
1301 2582 1552 2629 exerceat
1577 2591 1592 2639 ;
1618 2572 2068 2653 perceptionibus

483 2652 630 2728 enim
694 2670 1077 2741 corporalibus
1118 2667 1461 2737 corporalem
1498 2681 1594 2734 per
1624 2652 1808 2719 aerem
1866 2679 2063 2717 sonum

481 2760 715 2831 praebet,
746 2758 914 2812 menti
948 2772 1076 2811 vero
1110 2771 1233 2825 qua:
1262 2769 1373 2815 non
1405 2764 1632 2823 apparet
1676 2768 1797 2807 eam
1843 2761 2064 2808 senten-

488 2850 620 2904 tiam
652 2864 772 2919 quae
805 2847 936 2902 huic
978 2855 1190 2900 tantum
1219 2855 1447 2914 apparet
1476 2854 1533 2897 et
1554 2844 1885 2906 ostenditur,
1934 2846 2063 2895 mit-

486 2941 576 2995 tit.
615 2942 805 3008 Itaque
854 2954 1035 2993 rerum
1087 2937 1430 3007 publicarum
1464 2944 1521 2988 et
1554 2934 1984 2988 domesticarum
2012 2946 2067 2988 et

485 3031 733 3086 omnium
782 3044 909 3099 quae
963 3028 1017 3082 in
1057 3029 1168 3081 vita
1224 3037 1527 3081 nascuntur
1583 3034 1639 3079 et
1690 3034 2062 3089 evanescunt,

485 3122 727 3191 cegnitio
761 3135 922 3175 sensu
958 3133 1021 3175 ac
1051 3128 1233 3173 mente
1269 3133 1379 3173 una
1412 3117 1677 3182 seusuali',
1713 3116 1882 3170 altera
1926 3118 2065 3170 invi-

486 3211 659 3279 sibili,
692 3211 869 3281 quoad
898 3210 1203 3277 intelligere
1236 3224 1549 3279 possumus,
1578 3208 1777 3261 oritur.
1812 3209 2062 3277 Quapro-
2090 3191 2134 3246 δ

486 3317 611 3374 pter
642 3305 786 3357 Deus
819 3302 1058 3356 Verbum
1090 3315 1220 3355 caro
1264 3300 1441 3354 factus
1494 3299 1693 3353 mansit
1719 3300 1937 3368 quidem
1972 3299 2065 3367 qui

484 3404 605 3451 erat
622 3394 925 3464 spiritualis
949 3401 1002 3447 et
1018 3403 1212 3462 praeter
1230 3401 1467 3448 mentem
1496 3390 1547 3444 id
1568 3390 1711 3461 quod
1732 3406 1841 3444 non
1864 3391 2072 3444 habue-

486 3497 575 3544 rat
600 3489 807 3557 recepit
834 3497 891 3542 et
937 3486 1116 3540 factus
1161 3496 1246 3540 est
1279 3486 1481 3555 duplex
1518 3495 1713 3539 natura
1751 3484 2066 3538 incredibili

488 3581 693 3644 modo,
747 3589 806 3634 ut
872 3595 971 3650 per
1042 3579 1302 3633 miracula
1373 3593 1491 3645 qua:
1548 3576 1734 3631 sensui
1805 3586 2070 3645 apparent

482 3671 649 3746 452
683 3671 968 3735 deitatem,
998 3685 1121 3740 quae
1158 3685 1269 3723 non
1300 3666 1619 3738 apparebat,
1656 3666 1962 3721 denudaret
1993 3676 2073 3721 at-

486 3780 597 3835 que
646 3763 994 3828 ostenderet,
1053 3770 1218 3830 atque
1261 3760 1332 3813 ita
1375 3760 1443 3815 ab
1488 3759 1764 3814 miraculis
1791 3774 1912 3828 quae
1952 3772 2073 3812 sen-

485 3857 571 3913 sui
636 3866 895 3925 apparent
957 3864 1201 3922 tempore
1256 3852 1493 3921 erigeret
1561 3864 1616 3905 et
1684 3851 1946 3920 dirigeret
2001 3850 2067 3905 atl

485 3945 829 4015 spiritualem
863 3944 1010 3997 illam
1057 3957 1120 3995 ac
1161 3942 1375 3996 beatam
1414 3941 1580 3995 vitam
1613 3956 1733 4010 quae
1758 3955 1920 4009 supra
1949 3935 2071 3999 sen-

487 4051 609 4092 sum
651 4048 754 4090 est.
791 4034 1007 4089 Etenim
1058 4048 1126 4087 ex
1157 4032 1536 4102 magnitudine
1571 4042 1625 4088 et
1656 4031 2071 4101 pulchritudine

492 4126 913 4189 miraculorum,
964 4138 1085 4192 quae
1115 4124 1182 4176 ab
1239 4124 1403 4177 initio
1440 4124 1494 4177 in
1532 4123 1803 4178 creaturis
1853 4137 2071 4192 semper

487 4231 777 4292 :lpp'tl‘tnl,
821 4236 919 4288 per
974 4218 1277 4288 analogiam
1322 4218 1612 4287 quamdam
1660 4218 1893 4273 Creator
1936 4233 2069 4273 con-

488 4312 741 4381 spicitur.
770 4310 880 4364 Nec
917 4310 1088 4371 enim,
1118 4317 1179 4362 ut
1228 4318 1452 4363 sanctus
1499 4309 1589 4363 ille
1627 4309 1922 4379 Dionysius
1951 4309 2067 4375 ait,

488 4403 719 4457 omnino
748 4401 1006 4469 cognosci
1040 4398 1381 4470 potestquod
1414 4400 1479 4454 ad
1512 4400 1803 4475 essentiam
1831 4399 2070 4467 pertinet

2176 1945 2341 1998 μασιν
2386 1928 2616 1992 ἐκείνοις
2662 1930 2998 1999 ιγκειμένων
3049 1932 3359 1999 νοημάτων.
3408 1930 3515 1984 Καὶ
3558 1931 3648 1984 τὸν
3695 1930 3757 1996 ἑξ

2169 2019 2401 2089 οὐρανοῦ
2425 2020 2484 2073 δὲ
2508 2023 2602 2075 καὶ
2630 2020 2734 2089 γῆς
2762 2021 2857 2074 καὶ
2880 2021 2988 2075 τῶν
3013 2021 3071 2074 ιν
3101 2024 3251 2091 μέσῳ
3277 2022 3500 2075 πάντων
3528 2023 3756 2090 συγκεί-

2173 2128 2334 2181 μενον
2368 2112 2574 2183 κόσμον
2606 2111 2808 2183 ὁμοίως
2851 2112 2911 2178 ἑξ
2952 2112 3150 2175 αίῶνος
3188 2111 3425 2183 ὁρῶντες
3469 2114 3757 2180 καταλαμ-

2172 2202 2427 2257 ϐάνουσιν
2460 2202 2739 2273 ἂνθρωποι
2775 2201 2891 2266 πῶς
2932 2205 3033 2274 μὲν
3069 2202 3334 2272 καθόλου,
3372 2204 3485 2265 πῶς
3518 2205 3572 2258 δὲ
3610 2208 3755 2259 κατὶ

2173 2294 2370 2365 μέρος,
2399 2295 2545 2347 κατὰ
2572 2294 2666 2365 τὴν
2693 2294 2922 2349 ἐνοῦσαν
2946 2298 3163 2368 ἑκάστῳ
3191 2298 3353 2364 φύσιν
3381 2301 3473 2350 καὶ
3500 2298 3751 2368 δύναμιν.

2173 2387 2298 2440 Κάκ
2324 2388 2435 2441 τῶν
2462 2388 2611 2441 δυοῖν
2640 2387 2845 2443 τούτων
2871 2390 3009 2443 πᾶσι
3046 2390 3265 2442 πάντων
3294 2390 3327 2459 ὴ
3366 2389 3566 2458 γνῶσις
3603 2393 3755 2443 συνί-

2173 2492 2386 2543 σταται,
2434 2477 2536 2547 τῆς
2582 2496 2643 2531 τε
2693 2479 2762 2532 δι’
2790 2478 2967 2548 ὅψεως
3017 2479 3343 2550 αίσθητικῆς
3394 2481 3755 2552 καταλήψεως

2172 2571 2265 2623 καὶ
2299 2568 2399 2638 τῆς
2428 2570 2572 2624 κατὰ
2600 2572 2690 2624 τὸν
2721 2570 2847 2624 νοῦν
2876 2571 3159 2640 ἐνεργείας
3179 2611 3193 2636 ,
3231 2572 3449 2640 ἀφανῶς
3484 2574 3583 2642 μὲν
3609 2575 3754 2627 καςὰ

2171 2662 2337 2729 φύσιν
2371 2663 2541 2733 αὐτῆς
2582 2663 2945 2734 κινουμὺης,
2984 2664 3429 2734 ἂμφανιζομένης
3471 2666 3513 2717 δ’
3539 2665 3633 2718 οῦν
3664 2666 3755 2721 διὰ

2167 2755 2516 2824 γραμμάτων
2555 2749 2711 2816 αὖθις
2752 2755 2850 2807 καὶ
2892 2755 3103 2818 λαλιᾶς.
3132 2757 3293 2815 Ἥτις
3335 2758 3430 2809 καὶ
3471 2757 3608 2827 αὑτὴ
3654 2759 3753 2825 μία.

2168 2843 2302 2896 οῦσα
2327 2845 2463 2914 πρὸς
2493 2844 2693 2908 πολλὰς
2721 2846 3006 2916 μερίζεται
3034 2849 3231 2911 ἀκοὰς,
3256 2847 3455 2916 διπλῆν
3477 2849 3573 2919 τὴν
3601 2850 3754 2917 ἐνέρ-

2169 2952 2324 3003 γειαν
2350 2936 2534 3005 δρῶσα
2561 2954 2574 2969 ο
2604 2939 2725 2999 ταῖς
2757 2938 2856 3004 μὲν
2881 2938 2988 3007 γὰρ
3012 2928 3210 3007 ,ἀκοαῖς
3244 2944 3585 3013 σωματικιῖς
3610 2959 3755 2995 τισιν

2169 3025 2356 3089 οὔσαις
2407 3028 2501 3079 τὸν
2549 3028 2862 3097 σωματικὸν
2908 3028 2976 3082 δι’
3011 3031 3173 3098 ἀέρος
3220 3014 3486 3101 ἐνάρθρου
3534 3032 3754 3086 δίδωσιν

2168 3115 2321 3187 ἦχον,
2353 3118 2431 3181 τῷ
2461 3118 2519 3171 δὲ
2554 3118 2628 3188 μὴ
2660 3121 2972 3190 φαινομένῳ
3001 3122 3101 3187 τῆς
3128 3122 3305 3192 ψυχῆς
3336 3123 3507 3194 νοερῷ
3538 3126 3628 3177 τὴν
3660 3128 3757 3193 ὲμο

2171 3213 2497 3278 φαινόμενον
2539 3212 2676 3282 αὐτῇ
2726 3214 2822 3265 καὶ
2870 3213 3344 3282 ἐνσημαινόμενον
3390 3215 3755 3285 παραὶιέμππ

2170 3302 2315 3355 νοῦν.
2354 3306 2462 3359 Καὶ
2499 3302 2678 3366 οῦτως
2718 3306 2747 3373 ἡ
2780 3305 2890 3358 τῶν
2929 3306 3223 3361 πολιτικῶν
3259 3309 3357 3361 καὶ
3394 3310 3756 3378 οἰκονομικῶν

2172 3398 2514 3465 πραγμάτων
2550 3399 2645 3450 καὶ
2677 3397 2786 3451 τῶν
2821 3399 2879 3451 ιν
2916 3399 3016 3469 βίῳ
3059 3401 3278 3455 πάντων
3311 3403 3616 3473 κατάληψις
3654 3404 3756 3455 ὅσα

2170 3488 2381 3555 γένεσις
2423 3488 2544 3557 ἄγει
2582 3490 2677 3541 καὶ⁵
2706 3489 2930 3560 φθορὰ,
2965 3491 3036 3543 δι’
3060 3492 3363 3562 αἰσθήσεώς
3394 3509 3452 3545 τε
3491 3495 3584 3545 καὶ
3628 3493 3755 3559 νοῦ,

2170 3577 2271 3646 τῆς
2321 3580 2416 3648 μὲν
2452 3581 2787 3649 φαινομένης
2819 3579 2914 3633 τοῦ
2955 3582 3011 3633 δὲ
3056 3586 3469 3652 κρυπτομένου,
3508 3584 3599 3637 τὸν
3629 3587 3756 3655 ἐτρι-

2172 3671 2299 3721 κτδν
2334 3670 2463 3739 ἡμίν
2503 3672 2844 3740 περιγίνεται
2880 3674 3103 3743 τρόπον.
3147 3676 3242 3727 Διὰ
3280 3676 3344 3744 δὴ
3378 3675 3551 3728 ταῦτα
3592 3677 3687 3729 καὶ
3727 3679 3757 3736 ῤ

2172 3761 2305 3824 Θεὸς
2347 3763 2521 3829 Λόγος
2569 3764 2707 3833 σὰρξ
2748 3764 2985 3831 ἐγένετο,
3025 3767 3218 3836 μείνας
3258 3768 3393 3835 ὅπερ
3435 3763 3525 3837 ἦν,
3563 3771 3755 3835 νοητὸς

2173 3855 2265 3906 καὶ
2296 3855 2433 3926 ὑπὲρ
2463 3854 2619 3922 νοῦν,
2654 3857 2981 3927 προσλαϐὼν
3010 3858 3054 3912 δ’
3078 3859 3218 3929 ὅπερ
3247 3860 3346 3912 οὐκ
3374 3855 3442 3930 ἦν
3475 3862 3564 3913 καὶ
3597 3864 3756 3927 γενό-

2175 3961 2338 4014 μενος
2366 3946 2586 4010 διπλοῦς
2616 3948 2713 4018 τὴν
2746 3949 2910 4017 φύσιν
2940 3951 3251 4023 ἀπόρρητον
3282 3954 3515 4022 τρόπον,
3551 3952 3637 4006 ἵνα
3666 3952 3757 4007 διὰ

2170 4041 2283 4091 τῶν
2310 4041 2375 4108 τῇ
2406 4038 2662 4109 αἰσθήσει
2695 4042 3036 4111 φαινομένων
3065 4044 3359 4112 θαυμάτων
3388 4043 3485 4113 τὴν
3515 4046 3589 4113 μὴ
3624 4060 3759 4111 σαψ

2172 4127 2407 4198 νομένην
2439 4133 2795 4199 παραγυμνοῖ
2829 4132 2922 4183 καί
2953 4134 3331 4204 παραδεικνύῃ
3366 4133 3598 4201 θεότητα
3618 4174 3632 4197 ,
3664 4133 3760 4185 καὶ

2173 4217 2347 4279 οὕτως
2375 4220 2485 4273 ἀπὸ
2513 4222 2622 4278 τῶν
2654 4222 2773 4276 κατ’
2799 4224 3059 4294 αἴσθησιν
3092 4226 3435 4294 φαινομένων
3466 4229 3557 4279 καὶ
3589 4242 3762 4295 προσ-

2176 4310 2382 4381 καίρων
2425 4311 2722 4381 θαυμάτων
2765 4316 2962 4385 ἀνιστᾷ
3006 4318 3104 4386 τὴν
3144 4316 3322 4388 ψυχὴν
3368 4317 3620 4387 ἐμμελῶς
3664 4320 3762 4371 καὶ

2175 4405 2254 4471 εἰς
2286 4404 2383 4473 τὴν
2415 4402 2556 4471 ὑπὲρ
2595 4405 2850 4474 αἴσθησιν
2883 4408 3165 4480 ἀπευθύνῃ
3200 4410 3398 4478 νοητήν
3429 4426 3486 4461 τε
3526 4410 3619 4463 xii
3656 4428 3765 4479 μα-

494 4508 596 4548 uee
634 4492 843 4561 percipi
878 4492 1021 4546 Deus
1047 4532 1062 4557 ,
1115 4491 1209 4546 sed
1256 4491 1326 4545 ob
1359 4489 1502 4545 facta
1553 4507 1649 4545 sua
1704 4491 2068 4545 celebrandus

2177 4498 2378 4564 καρίαν
2408 4496 2628 4563 ἐκείνην
2660 4497 2825 4567 ζωήν.
2865 4497 2960 4551 Ἐκ
2993 4501 3103 4570 γὰρ
3142 4500 3407 4569 μεγέθους
3436 4502 3531 4555 καὶ
3564 4502 3761 4554 καλλος

488 4595 595 4647 est,
631 4593 975 4652 quapropter
1005 4582 1315 4650 baptismus
1349 4581 1507 4635 nobis
1540 4581 1595 4634 in
1638 4581 1913 4650 duplicem
1946 4596 2070 4651 gra-

493 4676 624 4730 tiam
661 4684 812 4736 crat,
852 4690 948 4743 per
976 4688 1174 4742 aquam
1208 4672 1369 4726 simul
1427 4680 1485 4725 et
1541 4672 1804 4740 Spiritum
1828 4712 1841 4731 .
1888 4681 1948 4725 ut
1979 4686 2072 4740 per

494 4782 690 4836 aquam
727 4782 849 4835 qute
881 4766 1065 4819 carnis
1107 4771 1308 4819 nostra:
1340 4764 1529 4819 sordes
1560 4764 1744 4817 cluere
1783 4764 1940 4828 solet,
1973 4763 2073 4816 ad-

492 4856 608 4909 dito
628 4854 816 4908 divino
836 4854 1073 4923 Spiritu.
1096 4852 1445 4908 invisibiliter
1465 4861 1519 4907 et
1544 4852 1947 4907 insensibiliter
1963 4867 2074 4905 una

493 4959 617 5000 cum
644 4958 874 5013 corpore
889 4944 1109 4997 eluatur
1129 4942 1331 4997 anima.
1350 4941 1430 4995 Ad
1447 4956 1654 4996 sacram
1674 4958 1868 5012 aquam
1888 4952 2073 4996 autem

494 5034 757 5089 accedere
778 5035 1039 5104 Spiritum
1065 5042 1313 5089 sanetum
1333 5048 1430 5104 per
1448 5048 1671 5104 precum
1692 5034 2072 5088 caremoniam

498 5126 744 5179 ostendit
774 5126 935 5179 nobis
966 5138 1193 5181 sanctus
1217 5125 1662 5197 Chrysostomus,
1697 5144 1713 5175 ι
1741 5123 1879 5178 Tum
1907 5142 2074 5196 super

492 5218 799 5282 Christum,
826 5217 1133 5287 inquirens,
1164 5219 1413 5274 columba
1441 5218 1809 5288 apparuit,ita
1829 5228 1889 5270 ut
1918 5221 2072 5286 quasi

493 5310 663 5380 digito
678 5310 995 5365 ostenderet
1012 5311 1081 5367 iis
1098 5311 1191 5380 qui
1211 5311 1436 5366 aderant
1460 5320 1514 5363 et
1532 5309 1728 5364 Joanni
1753 5308 1949 5363 Filium
1980 5311 2074 5366 Dei

495 5418 676 5471 neque
691 5400 795 5458 hoc
809 5402 986 5457 solum
1013 5420 1201 5457 verum
1219 5403 1385 5457 etiam
1409 5412 1467 5456 ut
1485 5403 1663 5457 discas
1682 5418 1846 5471 supra
1868 5412 1918 5456 te
1938 5420 2077 5472 quo-

497 5509 603 5563 que
628 5496 718 5562 qui
740 5495 1049 5564 baptizatus
1075 5512 1134 5551 es
1152 5495 1415 5565 Spiritum
1440 5495 2073 5549 desvemlereﬁuncau-

496 5596 608 5642 tem
630 5589 870 5641 sensuali
904 5589 1063 5643 nobis
1090 5590 1301 5643 visione
1334 5604 1472 5657 Opus
1503 5604 1609 5641 non
1646 5598 1729 5641 est
1751 5627 1764 5653 ,
1808 5602 1932 5640 cum
1976 5603 2073 5656 pro

498 5678 759 5733 omnibus
782 5679 914 5735 ﬁdes
960 5681 1279 5737 satisfaciat.
1308 5681 1442 5735 Nam
1467 5681 1619 5751 signa
1656 5697 1762 5733 nou
1798 5680 2073 5745 ﬁdelibus,

495 5771 592 5827 sed
623 5769 988 5830 inﬁdelibus.»
1028 5773 1309 5831 Visibilem
1348 5774 1506 5844 igitur
1540 5772 1931 5841 theophaniam
1964 5789 2071 5829 non

2174 4586 2266 4655 νῆς
2305 4586 2412 4637 τῶν
2444 4587 2503 4652 ἐξ
2542 4587 2718 4655 ἀρχῆς
2757 4591 2814 4640 ὲν
2845 4591 2960 4653 τοῖς
2996 4593 3259 4666 κτίσμασι
3300 4592 3639 4659 φαινομένων
3674 4595 3766 4647 ἀεὶ

2175 4676 2471 4745 θαυμάτων
2500 4678 2781 4745 ἀναλόγως
2810 4680 2839 4731 ό
2871 4681 3202 4751 δημιουργὸς
3232 4678 3430 4752 ’ὁρᾶται
3460 4700 3474 4713 ·
3507 4686 3767 4754 ἀνεννόηο

2174 4787 2265 4822 τον
2290 4772 2398 4840 γὰρ
2416 4810 2432 4835 ,
2462 4772 2489 4823 ό
2515 4770 2657 4834 θεῖός
2685 4790 2817 4843 φησι
2842 4774 3119 4833 Διονύσιος
3136 4817 3150 4840 ,
3179 4777 3353 4845 πάντη
3384 4778 3523 4830 κατὰ
3550 4778 3647 4848 τὴν
3674 4779 3762 4831 οὗ·

2177 4862 2301 4914 σίαν
2326 4866 2417 4914 καὶ
2448 4864 2834 4933 ἀκατάληπτον
2860 4866 2924 4918 τὸ
2950 4866 3116 4930 θεῖον,
3143 4867 3257 4921 ἀλλ’
3282 4874 3345 4921 ὲκ
3370 4870 3478 4921 τῶν
3507 4870 3765 4923 αίτιατῶν

2177 4954 2475 5021 ὑμνητέον,
2512 4954 2592 5008 διὸ
2633 4956 2729 5009 καὶ
2768 4956 2829 5008 τὸ
2870 4959 3016 5009 θεῖον
3059 4960 3191 5027 ἡμῖν
3232 4960 3520 5030 βάπτισμα
3556 4961 3767 5026 διπλιίς

2176 5041 2298 5098 οῦσι
2341 5045 2563 5101 διπλοῦν
2604 5047 2869 5117 ἐχαρίσθη
2918 5046 2979 5120 [ῐ.
3022 5050 3129 5103 239
3175 5052 3255 5122 aj,
3300 5050 3367 5103 δι’
3393 5052 3581 5115 ὓδατος
3627 5055 3766 5122 ὁμοῦ

2180 5136 2274 5188 καὶ
2306 5135 2644 5207 Πνεῦματος,
2679 5139 2764 5189 ἴνα
2796 5138 2871 5209 τῷ
2907 5139 3088 5204 ὕδατι,
3116 5143 3243 5204 τοὺς
3276 5146 3573 5209 σαρκικοὺς
3604 5145 3767 5213 ἡμῶν

2177 5229 2266 5282 ἀεὶ
2315 5227 2520 5297 ῥύπους
2566 5228 2852 5298 καθαίρειν
2897 5232 3144 5295 εἰωθότι,
3192 5236 3628 5305 προσγενομένου
3673 5239 3769 5292 καὶ

2179 5320 2271 5373 τοῦ
2308 5320 2455 5373 θείου
2492 5321 2807 5391 Πνεύματο;
2839 5324 3089 5394 ἀοράτως
3121 5326 3215 5379 xui.
3248 5328 3470 5395 ἀφανῶς
3491 5371 3504 5392 ,
3542 5330 3658 5397 ἅμα
3687 5330 3769 5401 τῷ

2180 5412 2394 5481 σώματι
2436 5413 2877 5483 συγκαθαίρηται
2921 5416 3015 5468 καὶ
3058 5419 3089 5486 ἡ
3131 5418 3280 5488 ψυχὴ
3326 5417 3530 5487 νοερῶς
3568 5436 3624 5471 τε
3670 5421 3769 5475 καὶ

2179 5503 2422 5570 ἀφανῶς.
2462 5502 2587 5554 Ὅτι
2622 5503 2678 5555 δὲ
2715 5506 3196 5573 συμπαραγίνεται
3234 5509 3313 5576 τῷ
3351 5507 3502 5560 ῦόαῖι
3538 5511 3766 5577 ἁγιαζο-

2184 5594 2330 5663 μένῳ
2373 5596 2465 5646 καὶ
2506 5595 2566 5647 τὸ
2611 5594 2838 5663 Πνεῦμα
2877 5598 2937 5649 τὸ
2981 5596 3135 5666 ἅγιον
3174 5599 3264 5651 διὰ
3304 5601 3401 5669 τῆς
3440 5600 3547 5652 τῶν
3587 5602 3768 5671 εὐχῶν

2180 5683 2521 5754 ἐπικλήσεως
2542 5723 2557 5748 ,
2591 5683 2748 5755 δῆλον
2783 5689 2811 5738 ὁ
2844 5687 2983 5751 θεῖος
3019 5692 3151 5761 ἡμῖν
3187 5694 3420 5744 ποιεῖται
3456 5690 3770 5762 Χρυσόστο-

2185 5792 2315 5846 μσς,
2355 5793 2373 5826 ι
2410 5774 2543 5827 Τότε
2580 5777 2705 5844 μὲν,
2743 5795 2761 5827 ι
2798 5777 3007 5847 λέγων,
3048 5802 3064 5833 ι
3104 5785 3194 5836 ἐπὶ
3224 5782 3458 5853 Χριστοῦ
3491 5783 3576 5836 διὰ
3606 5780 3762 5837 τοῦττ
