4074 6542
329 403 433 468 633

1289 410 1425 469 ΒΥΖ
1457 409 1744 470 ιΝΤίΝιΕ
1782 410 2187 475 HISTORL‘E,
2213 412 2362 472 LIB.
2404 410 2642 472 XXXV.

3505 400 3613 469 434

329 525 419 574 τὸν
438 521 611 574 τύπον
651 520 745 575 τὸν
771 521 1051 592 δειχθέντα
1102 539 1184 577 σοι
1218 526 1278 576 ὲν
1314 524 1392 595 τῷ
1420 525 1560 597 δρει.
1591 546 1608 577 ι
1646 528 1756 580 Καὶ
1812 529 1910 594 ᾶγ-
1943 577 1948 591 η

2054 530 2082 582 ιι
2111 529 2401 599 imaginem
2463 526 2559 582 tibi
2619 525 2676 579 in
2733 528 2920 577 monte
2983 522 3438 589 demonstratam.
3478 536 3511 572 ν»
3552 519 3616 574 Et

330 611 481 676 γελοι
512 611 592 677 δὲ,
623 612 846 684 φησὶνό
887 613 1031 676 θεῖος
1071 615 1489 686 Χρυσόστομος,
1527 619 1657 687 παρ’
1704 617 1920 686 ἀνθρώ-

329 723 455 770 ποις
486 707 756 771 φανέντες
784 707 846 761 τὸ
876 707 974 774 τῆς
1007 708 1220 771 οίκείας
1269 708 1489 777 φύσεως
1520 713 1920 781 ἀπαστράπτον

326 799 448 864 ’φῶς
485 800 820 871 παρήνοιεαν
841 816 854 831 ο
891 800 1058 871 ἡγὰρ
1102 801 1264 870 παρὰ
1299 802 1560 872 πρόθεσις
1595 805 1922 858 κολαστικόν

329 908 454 946 τινα
483 892 728 946 δείκνυσι
778 892 981 963 τρόπον
1010 894 1070 947 ἐν
1101 896 1315 958 τούτοις
1337 911 1398 949 τε
1430 895 1526 949 καὶ
1558 900 1674 960 τοῖς
1714 897 1924 964 ὁμοίοις

328 986 565 1049 τούτοις,
596 985 760 1038 οίονεὶ
788 985 877 1039 διά
925 989 1440 1058 παραπετάσματος
1502 989 1605 1058 τὴν
1658 989 1937 1059 ἀλήθειαν

335 1077 728 1146 κρυπτομένην
779 1078 1132 1146 συμϐολικῶς
1184 1080 1634 1149 ὑπεμφαίνουσα.
1690 1084 1784 1134 Διὸ
1832 1085 1929 1135 καὶ

334 1169 804 1240 παραδειχθείσαν
858 1170 890 1238 ἢ
940 1171 1408 1240 παρανοιχθείσαν
1463 1173 1754 1236 ἀκούοντες
1807 1173 1927 1227 θεό-

332 1255 472 1329 τήτα
518 1264 620 1316 οὐκ
670 1262 839 1335 αὐτὴν
890 1265 1116 1334 ἀμέσως
1170 1265 1399 1335 νοοῦμεν
1455 1267 1762 1337 δειχθεῖσαν
1827 1267 1927 1337 τὴν

335 1355 592 1408 ἄκτιστον
623 1355 814 1408 οὐσίαν
843 1371 856 1386 °
891 1356 1029 1409 ἀλλά
1065 1358 1151 1409 διὰ
1177 1357 1276 1428 τῆς
1304 1360 1467 1426 παρὰ
1493 1361 1694 1428 μᾶλλον
1725 1361 1928 1428 προθέ-

337 1463 477 1505 σεως
508 1449 684 1517 ῥᾷστα
711 1449 1183 1518 παρακρουόμεθα
1219 1449 1317 1519 τὴν
1356 1450 1623 1518 τοιαύτην
1668 1453 1928 1506 ὑπόνοιαν

337 1537 438 1590 ναὶ
460 1538 520 1591 τὸ
547 1539 751 1592 ἄτοπον
775 1539 1032 1592 ἐντεῦθεν
1068 1541 1438 1610 συστέλλομεν
1487 1542 1583 1595 τοῦ
1639 1544 1932 1612 τολμήμα-

338 1646 454 1694 τος,
498 1631 968 1697 συγκαταϐάσεως
994 1627 1135 1686 εἶναι
1169 1633 1346 1686 ταῦτα
1387 1635 1478 1686 καὶ
1500 1634 1611 1686 οὐκ
1635 1635 1806 1703 αὑτῆς
1839 1638 1932 1703 δη-

339 1721 550 1775 λωτικά
578 1723 673 1791 τῆς
698 1724 892 1787 οὐσίας
920 1741 933 1754 ·
970 1724 1115 1777 καθὸ.
1153 1728 1248 1778 καὶ
1288 1728 1316 1778 ὁ
1348 1727 1492 1788 θεῖος
1533 1728 1931 1797 Χρυσόστομος

341 1812 664 1881 ἑρμηνεύων
706 1814 841 1878 τὸ,’‹
900 1815 1044 1875 Ἐγὼ
1112 1817 1341 1886 ὁράσεις
1395 1819 1702 1887 ἐπλήθυνα,
1741 1819 1832 1870 καὶ
1874 1820 1933 1871 ἐν

2026 623 2227 692 angeli,
2253 621 2570 678 aitdivinus
2594 618 3045 690 Chrysostomus,
3075 629 3262 670 coram
3295 609 3618 667 hominibus

2025 715 2411 786 apparebant,
2443 710 2832 782 splendentem
2871 705 3108 777 propria:
3159 713 3374 760 natura;
3431 701 3616 757 lucem

2027 809 2421 869 recluseruutr;
2457 818 2582 858 nam
2625 799 2949 871 pmpositio
2999 799 3095 853 sub
3136 795 3619 864 circumscriptam

2028 899 2326 971 quamdam
2373 896 2546 953 allicit
2595 891 2820 950 dicendi
2863 892 3141 946 rationem
3185 888 3244 942 in
3279 890 3371 941 his
3413 896 3471 941 et
3497 884 3622 940 aliis

2029 992 2302 1062 ejusmodi
2353 987 2754 1052 locutionibus,
2785 984 2947 1055 quasi
2981 998 3080 1053 per
3112 981 3398 1036 volucrum
3438 976 3626 1032 oeculo

2033 1095 2144 1141 tam
2181 1084 2474 1139 veritatem
2504 1079 2814 1152 symbolice
2840 1078 3143 1148 prolatura.
3170 1072 3303 1127 ideo
3336 1085 3464 1124 cum
3497 1069 3626 1124 sub-

2033 1186 2396 1234 monstratam
2419 1185 2477 1229 ct
2504 1174 2861 1243 subapertam
2885 1169 3149 1225 deitatem
3177 1165 3490 1226 audiamus,
3512 1176 3623 1217 non

2033 1272 2208 1340 ipsam
2252 1268 2568 1323 immediate
2587 1272 2952 1320 monstratam
2988 1256 3625 1329 eogitamusinereatam

2031 1361 2360 1422 essentiam,
2391 1357 2487 1412 sed
2530 1371 2632 1427 per
2664 1352 3116 1425 praepositionem
3154 1351 3250 1403 sub
3291 1347 3452 1402 facile
3477 1343 3629 1399 miti-

2032 1466 2227 1524 gamus
2284 1450 2448 1504 talem
2507 1447 2843 1504 sententiam
2901 1453 2957 1499 et
2991 1443 3299 1498 insolentia:
3329 1441 3632 1494 incommo-

2035 1545 2166 1599 dum
2199 1556 2540 1597 coercemus.
2582 1539 2665 1594 Ad
2710 1537 3030 1593 leniendum
3066 1535 3198 1589 talia
3229 1542 3378 1596 sunt,
3407 1541 3529 1585 ‘n‘on
3564 1527 3632 1582 ad
3678 1591 3683 1597 _
3745 1551 3748 1554 η

2036 1638 2209 1706 ipsam
2241 1634 2573 1690 sententiam
2603 1629 3014 1701 explicandam.
3042 1625 3516 1694 Quemadmodum
3551 1622 3638 1676 di-

2036 1732 2201 1781 vinus
2227 1726 2655 1796 Chrysostomus
2680 1721 3147 1789 interpretaturus
3179 1716 3318 1771 illud
3355 1730 3414 1771 ιι
3459 1711 3636 1781 Equi-

2039 1820 2160 1873 dem
2225 1818 2471 1872 visiones
2505 1813 2895 1883 multiplicavi,
2923 1821 2979 1866 et
3029 1809 3423 1881 prophetarum
3455 1806 3629 1859 mani-

339 1906 502 1975 χερσὶ
529 1909 830 1977 προφητῶν
853 1908 1170 1979 ὡμοιώθην,
1216 1930 1234 1962 ι
1274 1913 1620 1980 συγκατζϐη.
1659 1912 1814 1979 φησὶ,
1841 1911 1935 1963 καὶ

2054 1913 2500 1972 uisassimilatus
2529 1925 2681 1973 sum;
2709 1906 2996 1963 descendit
3023 1914 3080 1959 et
3114 1918 3225 1958 non
3256 1901 3309 1956 id
3339 1900 3489 1970 quod
3518 1905 3638 1952 erat

339 2000 402 2051 οὐ
425 1999 587 2053 τοῦτο
610 2003 747 2071 ὅπερ
769 2000 836 2073 ἦν
871 2005 1048 2072 ἐφάνη
1072 2022 1084 2036 ο
1121 2006 1312 2074 ἐπειδὴ
1345 2006 1474 2074 γὰρ,
1528 2007 1721 2073 φησὶν,
1773 2003 1938 2071 ἐμελ-

341 2092 432 2142 λεν
497 2093 726 2148 αὑτοῦό
772 2095 900 2158 Υἱὸς
967 2096 1058 2148 διὰ
1119 2098 1326 2164 σαρκὸς
1386 2097 1732 2165 φανήσεσθαι
1780 2098 1936 2165 ἡμῖν,

341 2184 555 2238 ἄνωθεν
611 2187 814 2250 αὐτοὺς
847 2189 1273 2258 προεγὺμναζεν
1326 2171 1460 2260 όρᾷν
1502 2189 1597 2242 τοῦ
1665 2190 1801 2243 Θεοῦ
1840 2192 1942 2258 τὴν

337 2278 534 2330 οὐσίαν
572 2279 648 2341 ὡς
680 2281 866 2343 αὐτοῖς
896 2281 1143 2334 δυνατόν.
1199 2282 1307 2335 Καὶ
1345 2285 1528 2347 πάλιν,
1571 2303 1589 2336 ι
1633 2285 1848 2350 Σᾶρκα,
1915 2301 1931 2332 t

343 2373 500 2440 φησὶ,
535 2391 554 2425 r
587 2373 946 2442 περιεϐάλετο
970 2377 997 2428 ό
1027 2376 1161 2439 Θεὸς
1187 2419 1200 2441 ,
1233 2377 1319 2429 ἵνα
1373 2381 1450 2448 μὴ
1480 2381 1659 2447 γυμνῇ
1726 2380 1788 2447 τῇ
1826 2377 1944 2430 θεό-

341 2483 466 2535 τητι
490 2467 821 2536 προσϐαλὼν
859 2470 1069 2533 πάντας
1099 2472 1372 2543 ἀπολέσῃ,
1441 2472 1673 2541 μηδενὶς
1706 2470 1942 2540 δυναμέ-

345 2576 439 2610 νου
464 2557 564 2627 τὴν
597 2559 901 2630 ἀπρόσιτον
954 2561 1166 2614 ἐκείνου
1226 2564 1321 2615 τοῦ
1389 2564 1569 2632 φωτὸς
1631 2562 1941 2634 προσϐολὴν

349 2649 623 2714 ἐνεγκεῖν.
655 2668 673 2700 ι
700 2697 702 2700 ,

421 2741 475 2796 l'.
532 2743 613 2794 Τά
660 2742 706 2796 δ’
769 2745 910 2796 αὐτά
960 2746 1054 2798 και
1102 2748 1132 2799 ό
1182 2746 1327 2810 θεῖος
1381 2746 1607 2811 διέξεισι
1665 2748 1939 2818 Μάξιμος.

351 2849 372 2883 ι
411 2833 524 2886 Οὐκ
577 2836 640 2887 ἐκ
691 2838 790 2905 τῆς
839 2837 1032 2900 οὐσίας
1079 2839 1250 2893 αὑτοῦ
1312 2842 1407 2894 τὸν
1460 2840 1618 2905 Θεὸν,
1675 2861 1692 2892 ι
1746 2843 1940 2911 λέγων,

351 2942 372 2976 ί
417 2927 786 2996 γινώσκομεν,
803 2930 921 2984 ἀλλ’
945 2934 1009 2984 ὲκ
1031 2934 1132 3002 τῆς
1161 2935 1576 3004 μεγαλουργίας
1603 2935 1713 2988 τῶν
1743 2936 1944 2989 ὄντων·

346 3017 436 3071 διὰ
463 3021 567 3090 γὰρ
593 3023 799 3075 τούτων
835 3024 912 3087 ὡς
941 3026 1010 3079 δι’
1046 3027 1338 3098 ἐσόπτρων
1384 3028 1485 3097 τὴν
1529 3029 1762 3101 ἄπειρον
1806 3031 1946 3097 ἀγα-

349 3110 550 3182 Οότητα
572 3115 666 3166 καὶ
699 3119 894 3184 σοφίαν
921 3118 1015 3170 καὶ
1037 3118 1274 3189 δύναμιν
1296 3120 1462 3174 αὑτοῦ
1489 3121 1890 3191 κατανοοῦμεν.
1925 3139 1944 3172 ι

2041 2007 2294 2076 apparui.
2338 2025 2353 2055 ι
2390 2004 2530 2058 Cum
2571 2002 2759 2063 enim,
2793 2001 2999 2069 inquit,
3049 1997 3224 2053 Filius
3254 1997 3373 2066 ejus
3398 2009 3495 2064 per
3517 2007 3639 2047 car-

2045 2114 2170 2152 nem
2215 2097 2379 2152 nobis
2439 2102 2772 2166 appareret,
2833 2092 3058 2149 eminus
3115 2088 3405 2144 hominum
3445 2083 3639 2139 oculos

2047 2192 2264 2262 aperuit
2291 2232 2304 2253 ,
2359 2198 2418 2243 ut
2456 2190 2761 2243 essentiam
2799 2184 2896 2240 Dei
2926 2183 3170 2255 qualem-
3199 2189 3459 2252 poterant
3485 2177 3640 2232 vide-

2049 2295 2195 2340 rent.
2226 2285 2293 2339 Et
2319 2296 2555 2336 rursus:
2590 2281 2852 2345 Carnem,
2891 2276 3096 2347 inquit,
3133 2275 3316 2330 induit
3365 2272 3532 2336 Deus,
3567 2285 3640 2325 ne

2047 2378 2195 2432 nuda
2251 2375 2462 2431 deitate
2512 2373 2787 2444 explicata
2840 2386 3037 2428 omnes
3095 2369 3464 2440 deperderet,
3503 2380 3642 2435 quo-

2050 2475 2202 2528 niam
2231 2486 2398 2526 nemo
2424 2465 2842 2524 inaccessibiles
2869 2464 3019 2519 illius
3042 2461 3269 2518 luminis
3293 2459 3479 2515 radios
3496 2457 3641 2513 ferre

2049 2571 2252 2633 potest.

2123 2744 2191 2799 Χ.
2231 2744 2384 2799 Idem
2441 2743 2670 2798 divinus
2721 2740 2994 2797 Maximus
3052 2735 3278 2792 disserit
3317 2749 3332 2785 :
3371 2751 3392 2783 ι
3429 2730 3550 2787 Non
3577 2745 3646 2784 ex

2048 2835 2298 2893 essentia
2327 2836 2503 2890 Deum
2554 2833 2952 2905 cognoscimus
2979 2869 2996 2894 ,
3033 2829 3131 2885 sed
3168 2843 3236 2883 ex
3269 2839 3454 2880 rerum
3486 2836 3646 2877 crea-

2055 2939 2236 2983 tarum
2269 2928 2682 3000 magnificentia
2710 2966 2724 2992 ,
2756 2925 2959 2996 quibus
3011 2922 3169 2992 quasi
3207 2935 3309 2991 per
3355 2916 3646 3001 speculum

2055 3015 2333 3072 inﬁnitam
2399 3018 2704 3072 bonitatem
2761 3024 2819 3070 et
2867 3012 3198 3084 sapientiam
3241 3019 3294 3065 et
3342 3007 3649 3078 potentiam

2054 3107 2179 3178 ejus
2233 3108 2755 3164 animadvertimus.
2790 3125 2808 3159 θ
2847 3105 3014 3179 εθο
3048 3105 3215 3161 Vides
3253 3112 3313 3158 ut
3340 3099 3652 3157 conceden-

355 3203 525 3275 ⁴()ρᾷς
571 3209 687 3270 πῶς
721 3208 957 3280 ,ἀνάγκῃ
1024 3213 1278 3265 πειστέον
1329 3214 1464 3282 ἡμῖν
1523 3214 1698 3277 ἑστιν,
1750 3214 1824 3274 ὼς
1882 3215 1948 3267 δι’

2057 3201 2188 3256 dum
2253 3210 2340 3257 est
2397 3202 2557 3271 quasi
2625 3200 2854 3272 speculo
2903 3199 3239 3269 adjectionis
3304 3195 3655 3265 mitigatione

348 3293 621 3360 ἐσόπτρου
675 3295 770 3350 τοῦ
829 3299 1270 3368 προσλήμματος
1335 3301 1756 3367 συγκαταϐἀσει
1811 3317 1951 3370 χρη-

354 3388 590 3456 σάμενον
619 3388 710 3440 τὸν
743 3390 1096 3459 θεάνθρωπον
1143 3391 1316 3458 Λόγον
1345 3389 1410 3464 [ί.
1443 3393 1551 3446 288
1583 3393 1639 3465 aj
1672 3393 1812 3445 κάπὶ
1854 3391 1950 3444 τοῦ

351 3478 514 3548 δρους
541 3480 751 3532 ἐκείνου
795 3480 1240 3553 παραδειχθῆναι
1287 3486 1410 3552 μὲν,
1449 3485 1512 3537 οὐ
1541 3485 1827 3555 δειχθῆναι
1871 3485 1984 3547 δὲ,·θ

353 3572 448 3623 καὶ
493 3573 937 3640 παρκγυμνῶσαι
987 3575 1109 3643 μὲν,
1143 3575 1203 3626 οὑ
1250 3576 1542 3643 γυμνῶσαι
1589 3575 1648 3628 δὲ
1701 3576 1800 3648 τὴν
1854 3577 1954 3643 τῆς

357 3664 615 3718 ἁκτίστου
671 3665 929 3735 θεότητος
982 3668 1173 3721 οὐσίαν
1219 3667 1413 3729 αὑτοῦ,
1445 3667 1556 3720 οὐδ’
1607 3669 1804 3738 ἑτέραν
1855 3669 1956 3739 τῆς

350 3755 545 3820 οὐσίας
594 3756 763 3811 αὐτοῦ
810 3759 1042 3826 θεότητα
1094 3759 1474 3813 ἀνυπόστατόν
1522 3779 1582 3814 τε
1627 3763 1724 3815 καὶ
1752 3763 1956 3833 όρατὴν

357 3845 454 3896 καὶ
490 3846 749 3898 άκτιστον
797 3847 892 3900 καὶ
935 3846 1241 3915 ὑφειμένην
1274 3849 1392 3902 ἐκεῖ
1430 3848 1783 3922 πεπραχέναι
1816 3851 1955 3905 κατά

355 3936 456 4006 τὴν
498 3938 607 3989 τῶν
634 3938 980 3993 ἀσεϐούντων
1029 3942 1386 4011 παρανομίαν
1410 3957 1424 3973 ο
1463 3943 1818 4015 ἀνθρωπίνης
1849 3945 1955 4014 γὰρ

361 4029 580 4100 μ’›ρφῆς
603 4032 890 4095 ἀλλοίωσις
921 4034 954 4103 ἡ
984 4034 1410 4105 μεταμόρφωσις
1437 4030 1525 4106 ἦν,
1552 4038 1648 4090 καὶ
1670 4038 1730 4090 οὑ
1757 4053 1962 4109 μετου-

362 4124 551 4188 σίωσις
585 4122 684 4193 τῆς
724 4125 1095 4180 ἀναλλοιώτου
1144 4126 1402 4198 θεότητος
1424 4146 1438 4161 ο
1472 4130 1619 4184 καθά
1663 4131 1762 4184 καὶ
1798 4132 1827 4184 ό
1864 4147 1957 4200 με·

362 4212 530 4284 λῳδδς
564 4215 787 4280 διέξεισι
823 4217 989 4282 θεῖοςδ
1007 4219 1258 4288 Κοσμᾶς,
1301 4239 1319 4270 ‹
1354 4219 1466 4290 Τὴν
1507 4220 1884 4291 ἀνθρωπίνην,
1935 4240 1953 4272 ι

363 4304 559 4375 λέγων,
602 4327 620 4358 ι
677 4309 1105 4380 ἀμαυρωθεῖσαν
1139 4311 1504 4380 ὲλάμπρυνας
1553 4313 1725 4368 πάλαι
1768 4313 1956 4382 φύσιν,

365 4398 457 4451 καὶ
480 4399 774 4453 ἀλλοιώσει
798 4403 897 4471 τῆς
941 4402 1153 4473 μορφῆς
1189 4421 1284 4457 σου
1326 4405 1732 4476 ὲθεούργησας.
1773 4427 1790 4458 ι
1825 4407 1886 4460 Ei
1913 4407 1955 4460 δ’

365 4487 460 4544 οὖν
497 4493 836 4561 προσεκτέον
866 4495 921 4546 τί
974 4495 1104 4565 περὶ
1130 4495 1326 4548 τούτου
1355 4497 1447 4550 καὶ
1493 4498 1524 4549 ό
1548 4497 1692 4561 θεῖος
1734 4499 1959 4565 διέξεισι

2058 3309 2217 3349 usum
2249 3295 2776 3349 divino-humanum
2796 3293 3040 3348 Verbum
3069 3292 3122 3351 in
3155 3299 3346 3346 monte
3388 3289 3484 3343 illo
3524 3287 3658 3342 sub—

2056 3396 2424 3442 monslratum
2460 3387 2685 3457 quidem
2725 3401 2869 3451 esse,
2901 3401 3012 3441 non
3038 3395 3222 3440 autem
3261 3391 3653 3444 monstratum,

2057 3487 2114 3533 et
2143 3476 2563 3546 subaperuisse,
2601 3492 2710 3530 non
2774 3474 3066 3545 aperuisse
3125 3479 3391 3529 tnereataa
3427 3471 3656 3526 deitatis

2059 3573 2363 3626 essentiam
2425 3578 2481 3624 et
2540 3587 2651 3626 non
2684 3570 2920 3624 alteram
2965 3578 3222 3624 essentne.
3251 3584 3366 3622 sum
3394 3567 3656 3621 deitatem

2062 3664 2555 3720 insubstantialem
2585 3674 2642 3718 et
2669 3662 2946 3718 visibilem
2979 3674 3035 3717 et
3077 3662 3384 3716 inereatnm
3434 3669 3491 3713 et
3529 3658 3657 3712 sult-

2056 3757 2263 3825 jectam
2297 3754 2556 3810 ell'ecisSe
2605 3754 2914 3810 secundum
2973 3751 3272 3822 impiorum
3309 3751 3656 3821 opinionem.

2063 3847 2334 3903 Humana:
2387 3847 2538 3902 enim
2576 3845 2769 3901 formae
2816 3844 3056 3900 variatio
3082 3842 3190 3897 fuit
3225 3839 3661 3910 transﬂguratio,

2061 3951 2118 3994 et
2157 3954 2266 3994 non
2310 3941 2648 4010 permutatio
2689 3934 3056 3993 immutabilis
3099 3933 3358 3996 deitatis.
3383 3942 3446 3987 ut
3495 3939 3660 4002 poeta

2063 4033 2202 4088 dicit
2232 4031 2456 4088 divinus
2487 4031 2723 4086 Cosmas
2754 4048 2768 4085 ι
2810 4049 2830 4082 ι
2864 4027 3172 4083 Humanam
3215 4027 3491 4082 occultam
3528 4023 3660 4078 olim

2063 4135 2317 4180 naturam
2348 4123 2704 4189 illuminasti,
2732 4132 2788 4179 et
2809 4122 3120 4178 variatione
3146 4121 3460 4176 formzetuae
3489 4118 3660 4173 Deum

2032 4217 2384 4274 ‘ostendisti.
2427 4236 2444 4269 ο
2481 4217 2540 4272 Si
2596 4215 2977 4288 adjiciendum
3033 4223 3119 4270 est
3157 4213 3372 4284 aliquid
3434 4213 3503 4268 de
3557 4213 3665 4268 hac

2063 4323 2158 4376 re,
2204 4309 2428 4364 divinus
2474 4309 2907 4381 Clirysostomus
2953 4307 3178 4363 disserit
3213 4324 3228 4361 :
3263 4325 3282 4359 ι
3332 4306 3662 4362 Proficisca-

2065 4417 2211 4466 mur,
2267 4402 2469 4472 inquit,
2520 4401 2573 4455 in
2601 4400 2857 4456 oratione
2921 4410 3109 4455 nostra
3154 4399 3224 4454 ad
3267 4410 3539 4463 montem,
3568 4396 3664 4452 ubi

2068 4496 2504 4567 transﬁguratus
2533 4504 2619 4550 est
2651 4494 2932 4550 Christus.
2964 4493 3270 4549 Videamus
3311 4508 3438 4548 eum
3472 4492 3665 4548 lucen-

367 4583 808 4655 Χρυσορῤήμιον,
854 4604 875 4637 ‹
928 4586 1316 4658 Πορευθῶμεν,
1376 4609 1392 4638 ι
1445 4590 1635 4659 φησὶν,
1691 4611 1708 4642 ι
1757 4593 1850 4644 ἐπὶ
1899 4592 1948 4646 τί

2069 4599 2177 4645 tem
2212 4591 2360 4645 sicut
2391 4589 2635 4646 lucebat.
2675 4589 2934 4644 Attamen
2975 4605 3088 4642 non
3119 4588 3193 4643 ita
3235 4602 3459 4642 omnem
3503 4586 3665 4642 nobis

368 4673 494 4743 ὅρος
525 4674 600 4744 τῷ
629 4675 792 4745 λόγῳ,
823 4675 955 4730 ἔνθα
991 4676 1398 4748 μετεμορφώθη
1431 4679 1690 4747 Χριστός.
1724 4681 1958 4747 Ἴδωμεν

368 4765 532 4818 αὐτὸν
566 4766 851 4832 λάμποντα
896 4765 1088 4835 ὥσπερ
1142 4767 1378 4837 ἔλαμψε.
1417 4768 1612 4822 Καίτοι
1658 4770 1770 4821 οὐδ’
1817 4768 1962 4823 οὕτω

370 4857 554 4925 πᾶσαν
583 4859 714 4926 ἡμῖν
755 4858 924 4925 ἔδειξε
962 4857 1060 4928 τὴν
1089 4859 1184 4913 τοῦ
1238 4847 1529 4930 μὲλλοντος
1576 4863 1774 4926 αἰῶνος
1817 4863 1962 4933 λαμ-

373 4949 639 5030 πρότητα.
669 4950 793 5004 Ὀτι
823 4953 930 5024 γὰρ
963 4955 1377 5020 συγκατάϐασις
1405 4952 1476 5026 ἦν
1510 4957 1569 5010 τὲ
1607 4957 1961 5027 φαινόμενον,

373 5041 486 5094 ἀλλ’
515 5044 616 5096 οὐκ
651 5044 911 5114 ἐπίδειξις
933 5042 1026 5098 τοῦ
1065 5046 1394 5115 πράγματος
1437 5047 1697 5118 ἀκριϐὴς,
1731 5049 1826 5102 ἀπ’
1864 5051 1967 5101 αὑ-

373 5136 481 5190 τῶν
510 5137 674 5206 δῆλον
715 5137 824 5191 τῶν
872 5137 966 5192 τοῦ
1018 5138 1359 5207 Εὑαγγελίου
1408 5140 1694 5211 ῥημάτων,
1731 5143 1797 5194 Τί
1832 5144 1964 5214 γὰρ,

375 5227 578 5295 φησιν,
629 5225 874 5297 ἔλαμψεν
904 5226 980 5290 ὡς
1029 5227 1256 5296 ὀῆλιος,
1311 5229 1374 5281 Ἠ
1420 5229 1478 5281 δὲ
1519 5229 1632 5282 τῶν
1667 5231 1968 5300 ἀφθάρτων

378 5319 650 5389 σωμάτων
706 5317 835 5385 δόξα
883 5320 946 5373 οὐ
993 5320 1248 5374 τοσοῦτον
1311 5322 1509 5390 ἀφίησι
1560 5322 1622 5375 τὸ
1665 5323 1784 5392 φῶς
1843 5323 1970 5377 ὅσον

376 5413 538 5466 τοῦτο
576 5413 637 5466 τὸ
682 5411 848 5484 σῶμα
888 5413 952 5467 τδ
997 5413 1259 5485 φθαρτὸν,
1285 5413 1406 5468 οὐδὲ
1459 5415 1706 5470 τοιοῦτον
1732 5410 1848 5471 οἷον
1876 5417 1972 5472 καὶ

380 5507 596 5574 θνητοῖς
627 5504 844 5576 ὄμμασι
891 5507 1148 5574 γενέσθαι
1194 5509 1466 5578 χωρητὸν,
1504 5508 1620 5561 ἀλλ’
1675 5509 1973 5580 ἀφθάρτων

381 5601 474 5655 καὶ
520 5597 808 5654 ἀθανάτων
853 5599 1114 5670 δεόμενον
1153 5601 1454 5671 ὀφθαλμῶν
1497 5603 1634 5671 πρὸς
1687 5603 1787 5672 τὴν
1841 5603 1974 5657 θέαν

380 5693 571 5750 αὐτοῦ.
633 5712 651 5744 ι
712 5693 997 5760 Ἀκούειςς
1039 5694 1115 5746 Οὐ
1167 5694 1274 5764 γὰρ
1316 5693 1598 5763 ἄφθαρτον
1661 5693 1856 5748 ἔλαϐεν
1911 5698 1974 5748 ὲκ

382 5788 666 5857 Παρθένου
726 5786 888 5859 σῶμα
929 5787 1111 5857 (τοῦτο
1169 5787 1277 5857 γάρ
1323 5787 1418 5854 τῆς
1471 5787 1798 5857 Μαρκίωνός
1859 5791 1976 5842 ἐστι

385 5885 565 5954 λέγειν
609 5883 921 5956 αἱρέσεως),
969 5883 1076 5937 οὐδ’
1116 5882 1372 5937 ἄκτιστον
1421 5879 1550 5935 αὐτὸ
1599 5883 1867 5951 πεποίηκέ
1914 5901 1973 5939 τε

2069 4683 2240 4738 futuri
2278 4684 2550 4752 temporis
2595 4683 2827 4754 gloriam
2874 4680 3146 4737 ostendit.
3191 4680 3330 4735 Nam
3369 4679 3668 4749 mitigatio-

2070 4792 2193 4831 nem
2220 4793 2342 4833 esse
2375 4777 2427 4831 id
2457 4776 2605 4847 quod
2642 4776 2925 4847 apparuit,
2962 4790 3075 4829 non
3111 4784 3432 4829 accuratam
3467 4756 3543 4826 rei
3576 4787 3670 4842 pa-

2071 4864 2558 4931 tefactionemmx
2621 4866 2760 4935 ipsis
2813 4864 3095 4936 Evangelii
3166 4863 3350 4919 verbis
3405 4873 3656 4933 apparet.

2069 4957 2212 5024 Quid
2240 4959 2411 5022 enim,
2432 4957 2633 5025 inquit.
2668 4957 2885 5012 lucebat
2917 4966 2975 5011 ut
2997 4956 3077 5011 sol
3097 4956 3120 5009 ?
3143 4945 3660 5026 lncorruptibilium

2072 5067 2371 5120 ent-porum
2401 5052 2579 5123 gloria
2614 5066 2724 5106 non
2755 5057 2967 5105 tantam
3001 5049 3207 5104 emittit
3234 5054 3456 5114 lucem,
3489 5063 3668 5120 quan-

2074 5153 2182 5199 tam
2220 5143 2325 5197 hoc
2357 5158 2562 5213 corpus
2595 5143 2964 5212 corruptibile
3020 5157 3125 5197 nec
3155 5141 3378 5212 qualem
3413 5143 3678 5197 humanis

2075 5237 2254 5294 oculis
2283 5237 2417 5292 licet
2453 5237 2594 5300 fieri,
2629 5236 2724 5291 sed
2778 5235 3302 5306 incorruptibilihus
3341 5245 3400 5290 et
3445 5237 3676 5292 immor-

2077 5329 2284 5383 talibus
2309 5327 2490 5382 oculis
2521 5342 2663 5396 opus
2690 5335 2776 5382 est
2805 5326 2871 5382 ad
2905 5327 3027 5398 ejus
3057 5325 3614 5396 contemplationem.
3651 5343 3669 5376 ι

2075 5421 2366 5479 Audisue?
2417 5421 2536 5476 Non
2588 5421 2737 5474 enim
2789 5419 3220 5488 iucorruptibile
3261 5433 3524 5488 corpuse
3553 5417 3679 5472 Vir-

2079 5517 2205 5588 gine
2235 5516 2452 5569 habuit.
2477 5513 2603 5570 llzec
2618 5512 2779 5585 491
2801 5522 2888 5565 est
2915 5501 3210 5568 Marcionis
3257 5512 3534 5567 hatreseos
3555 5512 3678 5582 opi-

2081 5609 2197 5663 nio.
2237 5607 2349 5661 Nec
2383 5607 2691 5661 int-reatum
2732 5604 2866 5659 illud
2907 5603 3151 5659 reddidit
3193 5614 3250 5660 et
3293 5605 3506 5659 creavit
3532 5603 3678 5659 divi-

2083 5717 2214 5755 num
2256 5698 2518 5754 Verbum.
2568 5695 2685 5752 Hoc
2713 5705 2799 5752 est
2838 5695 3334 5751 lconomacborum
3374 5696 3674 5752 lia'rcscos.

2085 5793 2190 5848 Sed
2229 5789 2592 5846 immutabilis
2637 5797 2856 5853 natura,
2884 5798 2944 5842 ut
2979 5787 3205 5844 divinus
3234 5788 3314 5844 ait
3339 5799 3523 5858 poeta,
3549 5803 3675 5843 cum

2086 5884 2308 5941 mortali
2349 5883 2512 5938 niista
2563 5881 2793 5953 arqualis
2841 5882 3186 5952 incorporea:
3231 5880 3458 5938 deitatis
3497 5881 3680 5938 lucem
