4074 6538
423 458 521 516 481

1321 449 1719 517 ’ΒΥΖΛΝΤΙΝ
1837 447 2222 512 HISTORle
2249 454 2406 515 'LIB.
2453 454 2749 516 XXXVII.

3596 442 3706 509 492

424 570 752 641 ἐπεπράχει,
804 573 899 628 καὶ
949 572 1198 641 ἐλελήθει
1253 572 1379 627 καθ’
1429 570 1626 624 ἑαυτοῦ
1673 569 2003 641 συρῤάπτων

2117 581 2271 626 cerat
2303 586 2405 641 pro
2448 570 2514 626 iis
2560 548 2683 641 qua:
2735 571 2986 636 iecerat;
3020 575 3076 624 et
3127 582 3251 641 eum
3307 576 3604 637 (onsucret
3650 572 3709 620 et

427 664 522 713 καὶ
556 663 914 729 συσκευάζων
952 661 1033 727 οἷς
1064 662 1227 725 αὐτὸς
1257 664 1460 716 αὐτίκα
1502 659 2006 730 περιστοιχίζεσθαι

424 750 658 825 ἤμελλεν
709 754 975 824 ἀφύκτοις
1031 758 1129 810 καὶ
1192 756 1434 826 ἰσχυροῖς
1483 753 1747 814 δικτύοις.
1802 752 1866 804 0i.
1898 752 2009 820 γὰρ

424 844 863 917 κατηγοροῦντες
902 844 1073 900 αὐτοῦ
1112 848 1221 901 τῶν
1264 847 1314 901 τ’
1346 844 1669 900 ἐπισκόπων
1708 844 1804 896 καὶ
1837 860 2009 913 πρεσ-

422 932 668 1007 ϐυτέρων
704 934 775 988 τὰ
807 932 857 985 τ’
903 933 1038 989 ἄλλα
1088 935 1403 1006 προῦφερον
1458 936 1539 996 είς
1585 933 1865 996 ἀπόδειξιν
1913 931 2008 985 τοῦ

420 1026 715 1097 ψεύδεσθαι
746 1026 1030 1097 προδήλως
1065 1028 1375 1094 αὐτὸν,’καὶ
1404 1028 1503 1095 οὐχ
1544 1026 1747 1097 ἥκιστα
1770 1025 1870 1095 τὴν
1906 1040 2011 1094 μα-

334 1180 339 1185 ,
424 1118 565 1189 κράν
598 1134 657 1170 τε
690 1117 785 1170 καὶ
809 1118 1091 1189 ἄρρηκτον
1118 1118 1212 1171 τοῦ
1246 1118 1524 1189 Σκορπίου
1548 1117 1756 1185 φιλίαν,
1783 1115 1843 1169 ὃν
1874 1115 2007 1167 πολ·

426 1208 518 1264 λαὶ
547 1210 847 1279 μαρτυρίαι
885 1211 976 1263 καὶ
1012 1210 1219 1281 σφόδρα
1250 1210 1446 1278 σαφεῖς
1477 1209 1540 1261 ἐκ
1575 1206 1772 1261 πολλοῦ
1808 1207 2003 1283 Μασα-

427 1300 607 1355 λιανὸν
651 1297 792 1354 εἶναι
843 1301 1295 1372 κατεψηφίσαντό
1340 1317 1400 1353 τε
1432 1301 1527 1354 καὶ
1560 1301 1650 1353 ἀεὶ
1690 1298 2007 1369 καταψηφίο

424 1392 633 1457 ξονται,
667 1391 802 1446 πολὺ
835 1392 896 1446 τὺ
942 1394 1355 1461 ἀναμφίλεκτον
1398 1393 1619 1462 ἔχουσαι
1676 1391 1773 1445 καὶ
1806 1391 2009 1462 ἥκιστα

424 1484 577 1552 νέφει
610 1482 1068 1554 συγκρύπτεσθαι
1097 1483 1399 1556 δυνάμεναι
1428 1484 1749 1554 πλάσματος
1771 1483 2005 1545 ούδενῦς.

424 1573 515 1644 Τῷ
572 1574 695 1643 γὰρ-
722 1578 821 1647 τὴν
867 1575 1034 1629 αὑτοῦ
1075 1574 1260 1643 φιλίαν
1307 1574 1368 1639 ἐξ
1400 1573 1572 1646 ἀρχῆς
1605 1574 2009 1627 ἀναπόσπαστα

423 1667 750 1736 κεκτημένῳ
779 1670 877 1722 καὶ
906 1660 1017 1721 οἷον
1053 1668 1111 1720 ἐν
1142 1669 1257 1731 τοῖς
1307 1667 1405 1737 τῆς
1460 1667 1693 1735 καρδίας
1739 1666 2008 1734 θαλάμοις

421 1753 997 1827 ἁγαλματοφοροῡντι,
1043 1757 1128 1821 τίς
1156 1759 1223 1813 ἄν
1259 1774 1392 1812 ποτε
1429 1756 1776 1812 πιστεύσειεν
1814 1756 2008 1819 ἄλλους

421 1849 663 1921 ἐλέγχειν
700 1853 1127 1922 ἐγκαυχωμένῳ,
1161 1853 1257 1906 καὶ
1311 1854 1375 1907 οὐ
1430 1853 1579 1922 μάλα
1622 1851 1827 1921 μᾶλλον
1870 1868 2010 1919 συμ-

423 1941 636 2011 μύστην
666 1944 905 2007 ἐκείνοις
937 1940 1079 1999 εῖναι
1128 1947 1225 2000 καὶ
1259 1947 1518 2001 κοινωνὸν
1565 1946 1652 2000 ἀεὶ
1694 1945 2013 2015 καταψηφί-

420 2034 568 2098 ζοιτο
598 2038 893 2106 προφανῆ;
929 2037 1209 2106 Τέτταρας
1242 2037 1306 2109 δὴ
1338 2034 1434 2093 οὖν
1464 2038 1670 2100 ταύτας
1704 2038 2012 2107 ξυνειλοχέ-

421 2140 509 2179 ναι
542 2128 654 2189 τοῖς
687 2128 1017 2196 κατηγόροις
1065 2131 1380 2197 προτάσεις,
1435 2129 1537 2181 οὐκ
1581 2126 1808 2182 ἄλλοθέν
1844 2127 2010 2181 ποθεν

420 2210 537 2265 ἀλλ’
573 2213 634 2278 ἐξ
678 2207 755 2268 ὧν
808 2215 975 2278 αὐτὸς
1031 2215 1175 2286 ὑπὲρ
1225 2215 1421 2268 ἑαυτοῦ
1480 2216 1819 2288 προήνεγκε,
1868 2216 2010 2279 τέως

419 2302 736 2371 γεγένηται,
771 2305 991 2373 πρῶτον
1025 2306 1126 2375 μὲν
1156 2306 1238 2358 ὅτι
1288 2306 1687 2378 μυσαρωτέραν
1720 2307 1812 2360 καὶ
1845 2307 2008 2372 αὐτὸς

423 2394 654 2448 ἁπασῶν
694 2394 964 2466 αἱρέσεων
1008 2398 1109 2467 τὴν
1149 2397 1258 2453 τῶν
1293 2398 1657 2452 Μασαλιανῶν
1703 2398 2008 2470 ἡγούμενος

422 2488 653 2558 αἵρεσιν,
690 2487 765 2552 ὥς
802 2507 935 2558 φησι
972 2489 1091 2557 νῦν,
1136 2493 1233 2545 καὶ
1282 2492 1545 2556 συνειδὼς
1586 2492 1664 2560 τῷ
1716 2492 1834 2562 ὄρει
1882 2494 2007 2546 τότε

420 2578 883 2645 ἐπιπολάζουσαν,
906 2582 1008 2635 οὒκ
1034 2584 1379 2653 ἀνεκάλυψεν
1403 2583 1529 2637 οὔτε
1556 2586 1664 2655 πρὸ
1696 2587 1806 2638 τῶν
1829 2585 2008 2639 ἄλλων

417 2669 543 2723 οὔτε
575 2673 715 2741 μετὰ
744 2676 871 2737 τοὺς
903 2673 1119 2740 ἄλλους,
1175 2676 1299 2729 οὔτε
1346 2677 1469 2730 τότε
1509 2677 1633 2730 οὔτε
1669 2679 1786 2747 μετ’
1825 2678 2009 2747 ὀλίγον

420 2759 602 2822 εὐθὺς,
648 2761 941 2815 καὶταῦτα
980 2762 1090 2815 τῶν
1124 2763 1337 2817 πολλῶν
1374 2760 1455 2829 εἷς
1482 2765 1559 2818 ὢν
1607 2768 1703 2820 καὶ
1735 2766 1898 2830 αὐτὸς
1926 2761 2007 2829 οἷς

421 2854 798 2919 συμπαρεῖναι
842 2852 1150 2923 τηνικαῦτα
1202 2856 1297 2907 καὶ
1334 2854 1644 2925 ἀκροᾶσθαι
1693 2856 2005 2912 συνέϐαινε.

420 2941 687 3014 Δεύτερον
715 2944 773 2997 δὲ
804 2944 920 3009 πῶς
949 2946 1073 2999 τότε
1108 2946 1245 3017 μηδὲ
1279 2942 1604 3018 συνηγορεῖν
1623 2947 1772 3015 γοῦν
1809 2947 2007 3017 βουλη-

420 3035 533 3098 θεὶς
571 3037 684 3100 τοῖς
715 3036 867 3101 ὅπως
911 3037 1043 3091 ποτὲ
1073 3037 1489 3108 ἀνακαλύψασιν
1523 3039 1705 3102 ἄλλοις
1735 3042 2006 3111 τοσαύτην

421 3128 620 3178 κακίαν
671 3128 807 3193 ἐκεῖ,
867 3128 983 3180 ἀλλ’
1043 3128 1187 3183 οὕτω
1244 3132 1486 3201 μακραῖς
1541 3132 1677 3183 ἐτῶν
1730 3134 2007 3199 περιόδοις

416 3217 607 3289 ὥσπερ
644 3218 767 3271 τινὰ
821 3218 1099 3289 θησαυρὸν
1164 3218 1492 3288 θαλαμεύων
1551 3223 1609 3275 ἐν
1657 3223 1857 3294 καρδίᾳ
1909 3229 2002 3277 καὶ

419 3308 582 3378 μέχρι
614 3306 710 3361 νῦν
767 3310 1123 3379 περιθάλπων
1168 3312 1473 3382 άνέκφορον
1525 3314 1624 3381 τὴν
1681 3319 1806 3366 κατ’
1862 3312 2002 3381 εἶδος

416 3400 752 3469 προαγωγὴν
783 3401 878 3453 καὶ
906 3404 1229 3472 σαφήνειαν,
1263 3403 1453 3455 ἔπειτα
1485 3403 1581 3456 νῦν
1623 3407 2001 3475 ὲκπομπεύειν

416 3491 613 3557 ἐθέλει,
643 3490 738 3544 τοῦ
768 3495 882 3555 τοῖς
912 3493 1157 3563 ἐλέγχοις
1193 3495 1364 3548 πάλαι
1396 3498 1770 3565 προσήκοντος
1803 3502 1999 3568 χρόνου

418 3583 643 3645 στάντος
675 3584 738 3635 ἐκ
768 3583 1091 3653 διαμέτρου,
1140 3586 1466 3655 καταφυγὴν
1498 3586 1789 3657 λεληθυῖαν
1820 3590 2003 3661 οίόμεε

416 3686 505 3732 νος
532 3669 663 3731 ίσως
693 3670 970 3739 θηρᾶσθαι
1009 3688 1134 3725 τινα
1177 3673 1275 3726 νῦν
1306 3674 1443 3744 πρὸς
1478 3676 1829 3746 ἀπαλλαγήν.
1864 3677 1999 3748 Τρί-

415 3776 507 3813 τον
536 3761 593 3813 δὲ
626 3762 743 3825 πῶς
789 3763 957 3817 πολὺν
1009 3764 1109 3835 ἤδη
1167 3764 1231 3837 [Γ.
1273 3765 1382 3819 268
1431 3764 1488 3837 α]
1529 3770 1721 3838 χρόνον
1766 3787 2001 3840 xum-{o-

419 3854 680 3922 ρούμενον
725 3854 816 3907 τὸν
848 3856 1115 3925 Σκορπίον
1170 3860 1228 3909 ἐν
1272 3858 1481 3928 ἀκμαῖς
1529 3860 1616 3913 ἀεὶ
1665 3865 2001 3930 πρακτικαῖς

414 3949 513 4014 τῆς
538 3948 795 4017 τοιαύτης
825 3949 1091 4018 αἱρέσεως
1123 3944 1293 4017 εἶναι,
1320 3952 1416 4004 καὶ
1445 3953 1659 4007 πολλῶν
1686 3956 1999 4024 ἐρχομένων

416 4034 761 4103 γραμμάτων
795 4036 859 4087 ἐκ
891 4036 1000 4088 τῶν
1042 4036 1135 4089 τοῦ
1175 4037 1336 4103 ὅρους
1374 4040 1573 4109 τιμίων
1608 4042 1821 4111 ἀνδρῶν
1863 4060 2002 4113 προ-

413 4125 589 4194 δήλως
618 4124 719 4194 τὴν
754 4124 992 4195 ἀρχαίαν
1021 4127 1115 4179 καὶ
1157 4128 1320 4197 μέχρι
1357 4127 1453 4182 νῦν
1481 4129 1753 4184 ἀνθοῦσαν
1781 4116 1997 4186 έκείύου

416 4216 613 4271 κακίαν
640 4215 1058 4285 ἐξελεγχόντων,
1095 4220 1258 4282 αὐτὸς
1302 4220 1391 4273 ἀεὶ
1423 4222 1703 4292 περιέπων
1732 4225 2014 4293 ἐγκαρτεο’

416 4310 522 4378 ρετ,
554 4309 838 4379 πρόμαχος
874 4308 1088 4380 ἄμαχος
1120 4310 1313 4379 ἐκείνῳ
1343 4314 1640 4381 γενόμενος
1672 4318 1765 4368 καὶ
1804 4316 1998 4382 στύλος

415 4400 590 4451 είπείν
632 4400 1017 4469 ἀδαμάντινος,
1054 4402 1147 4454 καὶ
1192 4402 1343 4472 θαμὰ
1386 4402 1549 4471 βοῶν,
1584 4406 1682 4459 καὶ
1733 4406 1838 4475 γῆν
1874 4411 1999 4461 ἀνα-

420 4491 614 4559 μιγνὺς
655 4490 893 4561 οὐρανῷ,
934 4490 1027 4543 καὶ
1064 4494 1206 4546 κατὰ
1251 4496 1379 4558 τοὺς
1418 4499 1781 4567 μαινομένους
1814 4500 1875 4551 τὸ
1901 4500 1999 4569 τῆς

2116 664 2473 717 contraheret
2529 664 2691 719 latuit
2737 678 2886 725 eum,
2917 661 3193 732 quomodo
3220 658 3287 715 iis
3335 660 3451 728 ipse
3497 656 3701 713 deinde

2117 762 2375 825 tanquam
2408 754 2848 825 inen‘ugibilibus
2874 762 2931 809 et
2974 744 3309 808 ﬁrmissimis
3356 750 3574 822 laqueis
3605 766 3703 804 ca-

2114 856 2361 917 peretur.
2408 846 2778 901 Accusatores
2800 844 2949 900 enim
2978 860 3048 899 ex
3080 843 3357 915 episcopis
3405 852 3462 896 et
3516 840 3704 895 senio-

2121 939 2278 992 ribus
2300 955 2425 994 cum
2458 940 2564 993 alia
2619 938 2977 1010 proferebant
3006 936 3075 993 ad
3129 934 3438 993 manifesta
3491 930 3706 987 fraudis

2118 1042 2247 1081 eum
2278 1028 2710 1097 coargeundum,
2740 1040 2857 1083 tum
2888 1027 3207 1083 diuturnam
3233 1036 3291 1082 et
3317 1026 3704 1081 inconcussam

2112 1119 2413 1173 amicitiam
2447 1118 2805 1190 Scorpionis;
2862 1135 3025 1190 quem
3059 1118 3223 1191 5η
3252 1116 3422 1172 multa
3459 1117 3709 1173 testimo-

2112 1210 2207 1264 nia
2243 1225 2418 1280 caque
2452 1210 2614 1265 valde
2647 1220 2835 1280 aperta
2857 1212 2971 1283 jam
3004 1221 3168 1265 antea
3212 1208 3417 1280 sapius
3476 1220 3708 1263 accusa-

2112 1315 2308 1355 verant
2341 1311 2397 1357 et
2426 1317 2647 1373 semper
2670 1313 2951 1369 accusant,
2980 1318 3107 1359 cum
3172 1316 3425 1373 magnam
3476 1299 3706 1354 ﬁrmita-

2119 1398 2225 1445 tem
2258 1391 2523 1455 habeant,
2564 1407 2743 1462 neque
2772 1393 2883 1447 ullo
2934 1393 3099 1447 modo
3152 1392 3339 1463 obtegi
3397 1389 3615 1462 possint
3672 1407 3701 1442 ιι

2115 1498 2393 1553 quoquam
2420 1485 2565 1538 nube
2597 1484 2919 1537 commenti.
2948 1482 3083 1549 Quis
3113 1482 3262 1537 enim
3290 1482 3366 1544 ei,
3412 1480 3507 1552 qui
3545 1480 3711 1535 istius

2114 1574 2417 1629 amicitiam
2447 1573 2517 1627 ab
2555 1574 2715 1629 initio
2748 1574 2821 1629 ita
2866 1576 3117 1629 servavit
3168 1579 3226 1627 ut
3263 1586 3545 1642 utinquam
3607 1572 3707 1625 de-

2116 1665 2365 1730 sciverit,
2406 1680 2640 1735 eamque
2672 1667 2725 1719 in
2754 1667 2941 1721 cordis
2975 1666 3062 1721 sui
3104 1664 3323 1735 angulis
3341 1664 3499 1735 quasi
3529 1661 3712 1717 simu-

2117 1757 2324 1811 lacrum
2358 1772 2544 1812 secum
2579 1758 2867 1828 lert,quis.
2893 1758 3039 1823 dico,
3065 1758 3116 1812 ei
3148 1757 3261 1812 ullo
3293 1754 3456 1811 modo
3490 1755 3701 1818 credat,

2117 1847 2161 1900 si
2188 1847 2326 1901 alios
2343 1862 2641 1919 coarguere
2663 1848 2965 1917 praesumit,
2988 1861 3166 1917 neque
3194 1846 3377 1917 potius
3402 1842 3582 1916 ipsum
3611 1845 3706 1919 iis.

2042 1921 2085 1976 Β
2115 1942 2243 1993 dem
2268 1941 2440 1994 sacris
2467 1939 2746 1993 initiatum
2769 1952 2827 1995 et
2858 1942 3073 1994 socium
3131 1938 3351 1993 illorum
3406 1936 3709 1992 manifesto

2114 2032 2521 2100 deprehensum
2542 2032 2800 2088 accusat?
2854 2031 3049 2101 Itaque
3100 2029 3307 2085 factum
3359 2037 3420 2084 ut
3464 2037 3706 2099 quatuor

2112 2122 2213 2176 has
2245 2136 2441 2176 causas
2479 2131 2828 2176 accusatores
2853 2121 3197 2191 colligerent,
3231 2135 3342 2173 non
3383 2134 3451 2173 ex
3479 2118 3702 2183 alienis,

2113 2214 2208 2269 sed
2243 2230 2309 2268 ex
2338 2214 2405 2268 iis
2430 2229 2552 2282 quae
2599 2214 2691 2268 ille
2724 2213 2843 2281 ipse
2865 2212 2934 2267 de
2976 2227 3035 2267 se
3073 2221 3450 2268 concesserat.
3502 2213 3564 2267 lu
3616 2212 3704 2267 his

2113 2306 2292 2376 prima
2330 2323 2344 2359 :
2386 2304 2533 2375 quod
2568 2303 2995 2360 Masalianorum
3035 2302 3288 2360 haeresim
3336 2318 3502 2375 quam
3553 2318 3704 2359 nunc

2111 2397 2233 2467 ipse
2257 2396 2391 2451 dicit
2416 2396 2665 2451 omnium
2700 2410 2823 2451 esse
2850 2396 3327 2463 scelestissimam,
3365 2407 3535 2452 antea
3570 2411 3700 2451 cum

2114 2488 2170 2543 in
2205 2499 2391 2543 monte
2444 2488 2690 2543 exerceri
2727 2503 2846 2542 eam
2874 2476 2887 2490 ’
2909 2496 3256 2557 compertum
3284 2488 3536 2554 haberet,
3586 2504 3699 2543 non

2112 2579 2332 2645 retexit,
2361 2594 2541 2649 neque
2564 2588 2699 2633 ante
2730 2578 2870 2634 alios
2900 2594 3081 2648 neque
3112 2588 3236 2650 post
3283 2580 3445 2645 alios,
3515 2596 3701 2650 neque

2114 2679 2229 2725 tum
2258 2685 2439 2740 neque
2492 2682 2726 2741 postea;
2787 2672 3025 2741 etquod
3081 2673 3200 2742 ipse
3269 2687 3416 2727 unus
3463 2688 3529 2728 ex
3592 2673 3701 2728 illis
3798 2698 3801 2699 ν

2112 2762 2323 2824 multis,
2356 2763 2558 2831 quibus
2591 2773 2706 2817 tum
2764 2764 3032 2819 intererat
3063 2775 3120 2818 et
3151 2778 3293 2834 quos
3336 2762 3572 2826 audivit.
3607 2765 3705 2820 Al-

2115 2864 2251 2916 tera,
2286 2852 2434 2922 quod
2464 2862 2581 2906 tum
2632 2870 2703 2908 ne
2766 2870 2890 2909 cum
2918 2854 3042 2909 aliis
3081 2855 3307 2925 quidem
3343 2856 3435 2926 qui
3466 2856 3540 2910 ibi
3583 2865 3705 2911 tan.

2112 2957 2227 3002 tum
2252 2945 2436 3002 scelus
2467 2944 2813 3013 aperiebant,
2842 2947 3255 3001 accusationem
3286 2947 3466 3002 facere
3501 2946 3703 3016 voluit,

2110 3038 2211 3093 sed
2278 3052 2380 3107 per
2434 3036 2640 3091 multos
2690 3052 2868 3091 armos
2924 3047 3187 3107 tanquam
3253 3024 3576 3093 thesaurum
3642 3039 3708 3093 in.

2109 3130 2277 3185 corde
2308 3130 2591 3184 conditum
2644 3143 2818 3199 usque
2844 3129 2911 3183 ad
2947 3130 3052 3183 hoc
3084 3139 3302 3200 tempus
3325 3131 3463 3185 fovit
3494 3140 3553 3185 ut
3584 3146 3701 3187 rem

2108 3235 2274 3290 quam
2293 3220 2497 3275 elIerre
2531 3220 2759 3274 timebat
2790 3229 3018 3290 propter
3049 3220 3159 3274 vim
3194 3222 3519 3287 testimonii,
3551 3235 3700 3277 nunc

2112 3326 2244 3366 vero
2277 3309 2454 3364 multo
2480 3311 2593 3380 jam
2637 3310 2903 3379 temporis
2968 3312 3265 3366 intervallo
3307 3327 3419 3381 quo
3473 3327 3701 3367 accusa-

2112 3404 2320 3458 tionem
2351 3402 2533 3457 facere
2556 3417 2683 3456 cum
2714 3402 3008 3471 oportebat
3038 3404 3418 3472 prmterlapso,
3450 3403 3705 3473 proferre

2108 3496 2250 3560 vult,
2293 3493 2454 3566 54.5
2484 3505 2680 3563 putans
2729 3509 2795 3548 eo
2824 3509 2881 3549 sn
2920 3494 3197 3561 refugium
3256 3496 3462 3552 habere
3498 3496 3563 3550 ad
3596 3497 3700 3551 de-

2110 3585 2441 3642 fensionem.
2517 3585 2702 3639 Tertia
2763 3601 2917 3649 vero,
2966 3586 3117 3655 quod
3171 3583 3529 3654 Scorpionem
3580 3588 3699 3658 jam

2109 3678 2274 3748 longo
2312 3693 2378 3731 ex
2435 3689 2683 3747 tempore
2730 3688 3051 3731 accusatum
3104 3679 3199 3746 qui
3238 3680 3447 3746 primas
3475 3692 3697 3749 semper

2108 3778 2292 3842 partes
2326 3770 2379 3823 in
2411 3769 2603 3823 lurresi
2638 3770 2729 3823 illa
2750 3779 3059 3835 exerceret,
3120 3781 3173 3825 et
3207 3770 3261 3825 in
3325 3786 3487 3841 quem
3520 3775 3701 3828 multa

2108 3864 2312 3932 scripta
2338 3863 2551 3931 vulgata
2576 3871 2707 3917 sunt
2762 3878 2790 3915 a
2837 3863 2973 3916 viris
3035 3864 3089 3917 in
3145 3875 3333 3919 monte
3386 3867 3693 3939 prgeclaris,

2107 3971 2229 4025 quas
2270 3955 2447 4025 palam
2478 3965 2533 4008 et
2567 3954 2749 4009 adhuc
2775 3955 3027 4010 ﬂorentis
3060 3956 3363 4027 impietatis
3401 3974 3529 4013 eum
3564 3973 3699 4013 con-

2108 4048 2378 4111 viceruut,
2416 4049 2538 4118 ipse,
2568 4063 2787 4116 semiper
2816 4049 3054 4117 protegit
3076 4057 3132 4103 et
3186 4038 3460 4104 incitatut
3489 4066 3698 4121 propu-

2108 4151 2302 4214 gnator
2333 4143 2421 4197 cui
2456 4142 2557 4212 ipsi
2597 4157 2703 4195 non
2771 4141 3148 4211 impugnatur,
3217 4154 3274 4200 et
3330 4154 3389 4200 ut
3433 4145 3695 4200 columna

2109 4235 2501 4302 adamantina};
2549 4232 2698 4302 quod
2732 4234 2884 4287 vocis
2915 4236 3209 4289 tumultum
3252 4236 3365 4291 edit
3401 4248 3456 4293 et
3486 4248 3693 4294 terram

2108 4328 2247 4382 coelo
2285 4327 2606 4382 commiscet
2643 4335 2698 4381 et
2744 4340 2900 4380 more
2933 4326 3253 4382 insanorum
3293 4332 3493 4384 mentis
3523 4332 3695 4387 stabi-

2106 4419 2317 4473 litatem
2373 4427 2559 4473 servat
2590 4426 2643 4471 et
2696 4420 2848 4488 gravi
2914 4422 3298 4475 exsecratione
3348 4436 3542 4477 omnes
3596 4426 3695 4495 qui

2108 4511 2258 4565 omni
2318 4512 2551 4565 crimine
2601 4512 2760 4565 vacui
2824 4521 2954 4564 sunt
3009 4510 3365 4577 condemnat,
3401 4525 3696 4585 propterea

415 4581 640 4650 γνώμης
678 4582 968 4651 ἱστάμενον
1006 4584 1365 4654 ἐλαυνόμενος
1409 4588 1506 4640 καὶ
1552 4590 1759 4654 πάντας
1802 4592 2001 4645 άναθέ-

2109 4602 2255 4671 quod
2314 4602 2671 4670 Scorpionem
2722 4616 2988 4656 accusare
3042 4617 3149 4656 nou
3213 4581 3428 4659 timent.
3482 4581 3695 4671 Quarta

419 4689 548 4741 ματι
587 4672 787 4742 μακρῷ
815 4673 1225 4742 παραπέμπων,
1262 4676 1359 4745 οὐχ
1388 4676 1437 4728 οἳ
1472 4677 1682 4742 τούτοις
1713 4681 1990 4750 ἐνέχονται

416 4767 528 4826 τοῖς
574 4764 936 4834 ἐγκλήμασιν,
986 4765 1101 4818 ἀλλ’
1144 4765 1194 4817 οἳ
1250 4766 1329 4837 τῷ
1384 4768 1639 4838 Σκορπίῳ
1685 4773 1993 4843 ἐνεχομένῳ

416 4859 713 4942 προφέρειν
761 4859 945 4929 ἥκιστ’
992 4860 1233 4915 ὀκνοῦσι.
1301 4863 1411 4916 Καὶ
1452 4846 1719 4936 ’τέταρτον
1772 4869 1852 4919 ὅτι
1904 4870 1996 4921 καὶ

419 4952 581 5021 μέχρι
616 4950 708 5005 νῦν
740 4952 873 5023 ὁρᾷν
910 4952 1252 5022 ἰσχυρίζεται
1284 4954 1376 5007 τὸν
1424 4956 1587 5023 μόνον
1634 4958 1997 5012 ἀναλλοίωτον

414 5060 473 5095 τε
502 5043 595 5095 καὶ
629 5041 887 5096 ἄκτιστον
914 5042 1070 5108 Θεδν,
1116 5044 1231 5111 φῶς
1268 5044 1457 5113 ἕτερον
1492 5063 1549 5098 τε
1599 5049 1698 5100 καὶ
1737 5048 1995 5102 ἄκτιστον

415 5133 480 5186 ἐκ
521 5131 825 5201 μεταὸολῆς
869 5132 1007 5203 πρὸς
1061 5134 1123 5187 τὸ
1177 5137 1469 5203 ὑφειμένον
1515 5140 1804 5207 γινόμενον
1845 5141 1997 5211 αὐτῴ

413 5224 692 5293 τρυφῶντι
723 5226 816 5277 καὶ
866 5224 1275 5295 βλακευομένῳ.
1311 5226 1493 5281 Ταῦτα
1543 5230 1607 5297 δὴ
1661 5232 1866 5298 πάντα,
1902 5234 1997 5287 καὶ

412 5316 465 5370 εἰ
492 5332 544 5367 τι
589 5316 796 5369 τούτων
840 5316 1122 5384 ἐπέκεινα,
1156 5319 1449 5390 προτάσεις
1495 5323 1649 5385 τινας
1690 5324 1997 5388 ἐκτιθέντες

413 5408 819 5477 ἀναμφιϐόλως
849 5411 1337 5481 ἀναμφισϐήτητον
1370 5413 1443 5477 ὼς
1475 5415 1625 5478 είκδς
1670 5416 1877 5485 ἐπῆγον
1904 5419 1997 5470 καὶ

413 5498 475 5552 τὸ
506 5500 899 5571 συμπέρασμα,
937 5503 1081 5571 λέγω
1110 5504 1173 5574 δὴ
1219 5506 1281 5557 τὸ
1326 5506 1678 5560 Μασαλιανὸν
1726 5509 1996 5579 ὑπάρχειν

415 5593 578 5646 αὑτὸν
604 5594 665 5659 ἐξ
689 5595 862 5665 ἀρχῆς
890 5610 949 5647 τε
976 5596 1070 5648 καὶ
1094 5598 1260 5667 μέχρι
1288 5598 1532 5668 τήμερον
1566 5601 1994 5671 ἀναμφίλεκτον

415 5682 692 5758 εἶναιγὰρ
725 5688 942 5757 ἀξίωμα
971 5688 1133 5742 τοῦτο
1180 5690 1346 5744 πάλαι
1381 5692 1628 5762 κυρωθὲν
1658 5697 1768 5759 τοῖς
1802 5713 1861 5749 τε
1901 5696 1995 5748 θύ-

420 5772 585 5849 ραθεν
643 5782 737 5835 καὶ
788 5780 1081 5850 ἡμετέροις
1121 5781 1230 5836 τῶν
1283 5783 1646 5853 διδασκάλων,
1680 5788 1997 5857 egenos”

415 5876 509 5929 καὶ
542 5873 958 5940 ἀναμφιλέκτων
986 5876 1129 5944 ὅρων
1160 5876 1251 5928 καὶ
1280 5878 1598 5944 προτάσεως
1626 5878 1825 5949 ἀληθὲς
1856 5883 1992 5951 opus

2110 4694 2374 4763 denique,
2434 4692 2579 4762 quod
2610 4693 2689 4747 ad
2741 4693 2889 4747 hunc
2920 4693 3063 4747 diem
3112 4696 3586 4766 comprehendere
3632 4716 3693 4756 se

2110 4787 2245 4841 dicit
2278 4786 2459 4839 solum
2492 4785 2894 4842 immutabilem
2925 4793 2985 4840 et
3011 4786 3317 4842 incrcatum
3358 4790 3551 4854 Deum,
3611 4791 3697 4847 lu-

2108 4894 2233 4932 men
2278 4878 2510 4931 alterum
2564 4887 2620 4931 ct
2656 4878 2986 4943 increatum,
3015 4886 3075 4933 ut
3124 4894 3190 4933 ex
3224 4881 3583 4938 translatione
3615 4864 3695 4938 ad

2107 4972 2409 5041 subjectum
2436 4969 2743 5039 profectum
2780 4970 3033 5025 insolenti
3068 4972 3143 5025 illi
3179 4981 3234 5025 et
3273 4972 3540 5028 dementi.
3597 4975 3694 5033 llis

2107 5078 2240 5117 vero
2271 5072 2327 5117 et
2376 5062 2499 5115 aliis
2552 5062 2742 5115 multis
2798 5058 3270 5132 prepositionibus
3310 5065 3546 5133 prolatis
3593 5068 3698 5122 mi—

2108 5156 2255 5210 nime
2277 5154 2485 5220 dubiis,
2527 5163 2586 5209 ut
2638 5143 3071 5208 consentaneum
3127 5165 3237 5222 est,
3273 5157 3695 5216 conclusionem

2106 5261 2217 5301 non
2260 5245 2483 5301 dubiam
2530 5246 2875 5314 adjecerunt,
2924 5246 3140 5323 scilicet
3197 5250 3336 5302 citra
3365 5260 3695 5307 controver-

2107 5341 2241 5394 siam
2273 5354 2419 5400 esse,
2444 5354 2570 5393 eum
2612 5337 2681 5392 ab
2714 5338 2875 5393 initio
2908 5350 2964 5394 et
2991 5340 3059 5394 ad
3095 5340 3148 5394 id
3180 5352 3400 5411 tempus
3445 5343 3697 5400 Masalia-

2107 5446 2191 5485 nte
2258 5430 2449 5485 hreresi
2491 5430 2769 5484 addictum
2831 5430 3021 5486 fuisse.
3080 5432 3197 5487 Hoc
3256 5434 3408 5487 enim
3477 5437 3695 5491 axioma

2109 5521 2265 5578 valde
2304 5521 2597 5591 probatum
2630 5529 2713 5576 est
2764 5532 2820 5576 et
2862 5524 3109 5578 externis
3165 5536 3220 5579 ct
3251 5528 3457 5583 nostris
3517 5530 3693 5598 magi-

2108 5616 2265 5680 stris,
2297 5631 2328 5670 e
2380 5614 2525 5669 veris
2558 5625 2614 5670 et
2639 5632 2749 5670 non
2795 5617 3067 5687 ambiguis
3100 5619 3576 5688 prOpositionibus
3598 5638 3695 5678 ve-

2110 5727 2222 5763 ram
2254 5720 2307 5765 et
2334 5710 2646 5765 evidentem
2681 5712 3097 5768 conclusionem
3136 5717 3456 5771 necessario
3496 5734 3697 5774 conse-
3785 5727 3787 5731 ‘

2107 5803 2223 5872 qui.
2258 5801 2629 5867 Quamobrem
2666 5804 2811 5860 forte
2842 5805 3007 5877 “6
3041 5816 3173 5862 tunc
3237 5809 3539 5876 episcopali
3603 5811 3693 5865 di-

2107 5896 2312 5963 gnitate
2340 5910 2464 5948 cum
2494 5897 2857 5965 expulissent,
2894 5901 2994 5953 nisi
3026 5902 3300 5955 anxietate
3323 5900 3689 5971 ettimiclitate
