  <div class='ocr_page' id='page_1' title='image "/cluster/home/n/w/nwhite01/storage/ocr_20150623/149/ien.35556001660257/276.png"; bbox 0 0 4074 6560; ppageno 0'>
   <div class='ocr_carea' id='block_1_1' title="bbox 313 487 421 551">
    <p class='ocr_par' dir='ltr' id='par_1_1' title="bbox 313 487 421 551">
     <span class='ocr_line' id='line_1_1' title="bbox 313 487 421 551; baseline 0 -1"><span class='ocrx_word' id='word_1_1' title='bbox 313 487 421 551; x_wconf 80' lang='lat'><strong>5&#39;29</strong></span> 
     </span>
    </p>
   </div>
   <div class='ocr_carea' id='block_1_2' title="bbox 1181 485 2698 567">
    <p class='ocr_par' dir='ltr' id='par_1_2' title="bbox 1181 485 2698 567">
     <span class='ocr_line' id='line_1_2' title="bbox 1181 485 2698 567; baseline 0.002 -17"><span class='ocrx_word' id='word_1_2' title='bbox 1181 488 1511 550; x_wconf 75' lang='lat' dir='ltr'><strong>SCHOLIA</strong></span> <span class='ocrx_word' id='word_1_3' title='bbox 1548 486 1635 548; x_wconf 82' lang='lat' dir='ltr'><strong>IN</strong></span> <span class='ocrx_word' id='word_1_4' title='bbox 1680 485 2071 551; x_wconf 71' lang='lat' dir='ltr'><strong>SYNESIUM</strong></span> <span class='ocrx_word' id='word_1_5' title='bbox 2114 489 2216 551; x_wconf 88' lang='lat' dir='ltr'><strong>DE</strong></span> <span class='ocrx_word' id='word_1_6' title='bbox 2258 489 2698 567; x_wconf 71' lang='lat' dir='ltr'><strong>INSOMNIIS.</strong></span> 
     </span>
    </p>
   </div>
   <div class='ocr_carea' id='block_1_3' title="bbox 3493 490 3604 555">
    <p class='ocr_par' dir='ltr' id='par_1_3' title="bbox 3493 490 3604 555">
     <span class='ocr_line' id='line_1_3' title="bbox 3493 490 3604 555; baseline 0.009 -1"><span class='ocrx_word' id='word_1_7' title='bbox 3493 490 3604 555; x_wconf 81' lang='lat'><strong>530</strong></span> 
     </span>
    </p>
   </div>
   <div class='ocr_carea' id='block_1_4' title="bbox 391 597 3603 672">
    <p class='ocr_par' dir='ltr' id='par_1_4' title="bbox 391 597 3603 672">
     <span class='ocr_line' id='line_1_4' title="bbox 391 597 3603 672; baseline -0.002 -14"><span class='ocrx_word' id='word_1_8' title='bbox 391 605 587 658; x_wconf 79' lang='grc' dir='ltr'><strong>Ἔσται</strong></span> <span class='ocrx_word' id='word_1_9' title='bbox 615 601 662 655; x_wconf 82' lang='grc' dir='ltr'>δ’</span> <span class='ocrx_word' id='word_1_10' title='bbox 691 601 824 672; x_wconf 73' lang='grc' dir='ltr'><strong>ἡμῖν</strong></span> <span class='ocrx_word' id='word_1_11' title='bbox 855 602 917 655; x_wconf 73' lang='grc' dir='ltr'><strong>τὸ</strong></span> <span class='ocrx_word' id='word_1_12' title='bbox 937 601 1037 671; x_wconf 78' lang='grc' dir='ltr'><strong>τῆς</strong></span> <span class='ocrx_word' id='word_1_13' title='bbox 1076 598 1419 671; x_wconf 70' lang='grc' dir='ltr'><strong>ἐξηγήσεως,</strong></span> <span class='ocrx_word' id='word_1_14' title='bbox 1446 599 1506 652; x_wconf 82' lang='grc' dir='ltr'><strong>οὐ</strong></span> <span class='ocrx_word' id='word_1_15' title='bbox 1566 598 1704 668; x_wconf 78' lang='grc' dir='ltr'><strong>πρὸς</strong></span> <span class='ocrx_word' id='word_1_16' title='bbox 1752 600 1904 652; x_wconf 84' lang='grc' dir='ltr'><strong>ἑντε-</strong></span> <span class='ocrx_word' id='word_1_17' title='bbox 1934 605 1982 661; x_wconf 79' lang='grc' dir='ltr'><strong>Α</strong></span> <span class='ocrx_word' id='word_1_18' title='bbox 2011 609 2179 668; x_wconf 78' lang='grc' dir='ltr'><strong>σοφον</strong></span> <span class='ocrx_word' id='word_1_19' title='bbox 2208 600 2303 655; x_wconf 74' lang='grc' dir='ltr'><strong>καὶ</strong></span> <span class='ocrx_word' id='word_1_20' title='bbox 2324 598 2647 656; x_wconf 70' lang='grc' dir='ltr'><strong>διδάσκαλον</strong></span> <span class='ocrx_word' id='word_1_21' title='bbox 2689 598 2988 664; x_wconf 80' lang='grc' dir='ltr'><strong>’Υπατίαν,</strong></span> <span class='ocrx_word' id='word_1_22' title='bbox 3023 597 3109 652; x_wconf 77' lang='grc' dir='ltr'><strong>ὅτι</strong></span> <span class='ocrx_word' id='word_1_23' title='bbox 3137 597 3311 654; x_wconf 75' lang='grc' dir='ltr'>πολλὰ</span> <span class='ocrx_word' id='word_1_24' title='bbox 3351 599 3463 654; x_wconf 83' lang='grc' dir='ltr'><strong>τῶν</strong></span> <span class='ocrx_word' id='word_1_25' title='bbox 3497 603 3603 671; x_wconf 83' lang='grc' dir='ltr'><strong>μή-</strong></span> 
     </span>
    </p>
   </div>
   <div class='ocr_carea' id='block_1_5' title="bbox 315 692 1906 767">
    <p class='ocr_par' dir='ltr' id='par_1_5' title="bbox 315 692 1906 767">
     <span class='ocr_line' id='line_1_5' title="bbox 315 692 1906 767; baseline -0.003 -19"><span class='ocrx_word' id='word_1_26' title='bbox 315 695 604 767; x_wconf 75' lang='grc' dir='ltr'><strong>λεστέρους</strong></span> <span class='ocrx_word' id='word_1_27' title='bbox 636 695 795 766; x_wconf 84' lang='grc' dir='ltr'><strong>μόνον</strong></span> <span class='ocrx_word' id='word_1_28' title='bbox 827 695 1148 762; x_wconf 81' lang='grc' dir='ltr'><strong>γενόμενον,</strong></span> <span class='ocrx_word' id='word_1_29' title='bbox 1183 692 1303 746; x_wconf 76' lang='grc' dir='ltr'><strong>ἀλλ’</strong></span> <span class='ocrx_word' id='word_1_30' title='bbox 1337 693 1436 762; x_wconf 75' lang='grc' dir='ltr'><strong>ἤδη</strong></span> <span class='ocrx_word' id='word_1_31' title='bbox 1469 694 1565 747; x_wconf 77' lang='grc' dir='ltr'><strong>καὶ</strong></span> <span class='ocrx_word' id='word_1_32' title='bbox 1603 692 1742 758; x_wconf 70' lang='grc' dir='ltr'><strong>πρὸς</strong></span> <span class='ocrx_word' id='word_1_33' title='bbox 1779 693 1906 745; x_wconf 64' lang='lat' dir='ltr'><strong>an.</strong></span> 
     </span>
    </p>
   </div>
   <div class='ocr_carea' id='block_1_6' title="bbox 315 782 1904 859">
    <p class='ocr_par' dir='ltr' id='par_1_6' title="bbox 315 782 1904 859">
     <span class='ocr_line' id='line_1_6' title="bbox 315 782 1904 859; baseline -0.003 -19"><span class='ocrx_word' id='word_1_34' title='bbox 315 788 608 859; x_wconf 80' lang='grc' dir='ltr'><strong>λεστὲρους</strong></span> <span class='ocrx_word' id='word_1_35' title='bbox 647 786 748 858; x_wconf 78' lang='grc' dir='ltr'><strong>τὴν</strong></span> <span class='ocrx_word' id='word_1_36' title='bbox 779 787 1008 854; x_wconf 83' lang='grc' dir='ltr'><strong>γνῶσιν.</strong></span> <span class='ocrx_word' id='word_1_37' title='bbox 1047 787 1112 838; x_wconf 85' lang='grc' dir='ltr'><strong>Οί</strong></span> <span class='ocrx_word' id='word_1_38' title='bbox 1149 785 1248 854; x_wconf 80' lang='grc' dir='ltr'><strong>μὲν</strong></span> <span class='ocrx_word' id='word_1_39' title='bbox 1274 786 1385 854; x_wconf 78' lang='grc' dir='ltr'><strong>γὰρ</strong></span> <span class='ocrx_word' id='word_1_40' title='bbox 1417 784 1556 854; x_wconf 79' lang='grc' dir='ltr'><strong>τῷδε</strong></span> <span class='ocrx_word' id='word_1_41' title='bbox 1606 782 1686 852; x_wconf 82' lang='grc' dir='ltr'><strong>τῷ</strong></span> <span class='ocrx_word' id='word_1_42' title='bbox 1744 782 1904 853; x_wconf 74' lang='grc' dir='ltr'><strong>μέρει</strong></span> 
     </span>
    </p>
   </div>
   <div class='ocr_carea' id='block_1_7' title="bbox 318 873 1905 947">
    <p class='ocr_par' dir='ltr' id='par_1_7' title="bbox 318 873 1905 947">
     <span class='ocr_line' id='line_1_7' title="bbox 318 873 1905 947; baseline -0.004 -16"><span class='ocrx_word' id='word_1_43' title='bbox 318 879 659 944; x_wconf 82' lang='grc' dir='ltr'><strong>συνὲσονται,</strong></span> <span class='ocrx_word' id='word_1_44' title='bbox 695 879 742 931; x_wconf 84' lang='lat' dir='ltr'><strong>oi</strong></span> <span class='ocrx_word' id='word_1_45' title='bbox 775 877 833 930; x_wconf 76' lang='grc' dir='ltr'>δὲ</span> <span class='ocrx_word' id='word_1_46' title='bbox 851 876 1008 947; x_wconf 77' lang='grc' dir='ltr'><strong>τῷδε.</strong></span> <span class='ocrx_word' id='word_1_47' title='bbox 1045 877 1096 930; x_wconf 77' lang='grc' dir='ltr'><strong>οἱ</strong></span> <span class='ocrx_word' id='word_1_48' title='bbox 1123 875 1179 930; x_wconf 72' lang='grc' dir='ltr'>δὲ</span> <span class='ocrx_word' id='word_1_49' title='bbox 1215 876 1524 944; x_wconf 80' lang='grc' dir='ltr'><strong>ἑκατέροις,</strong></span> <span class='ocrx_word' id='word_1_50' title='bbox 1566 873 1641 935; x_wconf 81' lang='grc' dir='ltr'><strong>ὡς</strong></span> <span class='ocrx_word' id='word_1_51' title='bbox 1671 873 1905 941; x_wconf 73' lang='grc' dir='ltr'><strong>δύναμις</strong></span> 
     </span>
    </p>
   </div>
   <div class='ocr_carea' id='block_1_8' title="bbox 316 966 1907 1042">
    <p class='ocr_par' dir='ltr' id='par_1_8' title="bbox 316 966 1907 1042">
     <span class='ocr_line' id='line_1_8' title="bbox 316 966 1907 1042; baseline -0.005 -16"><span class='ocrx_word' id='word_1_52' title='bbox 316 975 534 1042; x_wconf 69' lang='grc' dir='ltr'><strong>ἑκάστῳ</strong></span> <span class='ocrx_word' id='word_1_53' title='bbox 579 973 676 1026; x_wconf 79' lang='grc' dir='ltr'><strong>καὶ</strong></span> <span class='ocrx_word' id='word_1_54' title='bbox 709 966 991 1042; x_wconf 57' lang='grc' dir='ltr'><strong>βούλησιςέ</strong></span> <span class='ocrx_word' id='word_1_55' title='bbox 1043 972 1181 1039; x_wconf 78' lang='grc' dir='ltr'><strong>Περὶ</strong></span> <span class='ocrx_word' id='word_1_56' title='bbox 1243 969 1342 1039; x_wconf 82' lang='grc' dir='ltr'><strong>μὲν</strong></span> <span class='ocrx_word' id='word_1_57' title='bbox 1373 975 1494 1022; x_wconf 81' lang='grc' dir='ltr'><strong>’τοι</strong></span> <span class='ocrx_word' id='word_1_58' title='bbox 1547 966 1728 1037; x_wconf 73' lang='grc' dir='ltr'><strong>ψυχῆς</strong></span> <span class='ocrx_word' id='word_1_59' title='bbox 1766 967 1800 1019; x_wconf 73' lang='grc' dir='ltr'><strong>ὃ</strong></span> <span class='ocrx_word' id='word_1_60' title='bbox 1853 982 1907 1019; x_wconf 90' lang='grc' dir='ltr'><strong>τι</strong></span> 
     </span>
    </p>
   </div>
   <div class='ocr_carea' id='block_1_9' title="bbox 315 1058 1907 1134">
    <p class='ocr_par' dir='ltr' id='par_1_9' title="bbox 315 1058 1907 1134">
     <span class='ocr_line' id='line_1_9' title="bbox 315 1058 1907 1134; baseline -0.004 -18"><span class='ocrx_word' id='word_1_61' title='bbox 315 1065 562 1129; x_wconf 82' lang='grc' dir='ltr'><strong>διέξεισι,</strong></span> <span class='ocrx_word' id='word_1_62' title='bbox 593 1064 689 1116; x_wconf 80' lang='grc' dir='ltr'><strong>καὶ</strong></span> <span class='ocrx_word' id='word_1_63' title='bbox 718 1065 828 1117; x_wconf 90' lang='grc' dir='ltr'><strong>τίσι</strong></span> <span class='ocrx_word' id='word_1_64' title='bbox 863 1064 963 1133; x_wconf 74' lang='grc' dir='ltr'><strong>μὲν</strong></span> <span class='ocrx_word' id='word_1_65' title='bbox 995 1062 1206 1134; x_wconf 77' lang='grc' dir='ltr'>συνῳδὰ</span> <span class='ocrx_word' id='word_1_66' title='bbox 1240 1062 1544 1130; x_wconf 72' lang='grc' dir='ltr'><strong>φθέγγεται</strong></span> <span class='ocrx_word' id='word_1_67' title='bbox 1587 1059 1696 1112; x_wconf 82' lang='grc' dir='ltr'><strong>τῶν</strong></span> <span class='ocrx_word' id='word_1_68' title='bbox 1737 1058 1907 1112; x_wconf 84' lang='grc' dir='ltr'><strong>πάλαι</strong></span> 
     </span>
    </p>
   </div>
   <div class='ocr_carea' id='block_1_10' title="bbox 325 1146 1907 1230">
    <p class='ocr_par' dir='ltr' id='par_1_10' title="bbox 325 1146 1907 1230">
     <span class='ocr_line' id='line_1_10' title="bbox 325 1146 1907 1230; baseline -0.003 -23"><span class='ocrx_word' id='word_1_69' title='bbox 325 1155 525 1222; x_wconf 73' lang='grc' dir='ltr'><strong>σοφῶν,</strong></span> <span class='ocrx_word' id='word_1_70' title='bbox 564 1155 674 1207; x_wconf 77' lang='grc' dir='ltr'><strong>τίσι</strong></span> <span class='ocrx_word' id='word_1_71' title='bbox 712 1155 758 1208; x_wconf 86' lang='grc' dir='ltr'>δ’</span> <span class='ocrx_word' id='word_1_72' title='bbox 790 1154 1065 1225; x_wconf 73' lang='grc' dir='ltr'><strong>ἀπᾴδοντα</strong></span> <span class='ocrx_word' id='word_1_73' title='bbox 1098 1169 1113 1186; x_wconf 78' lang='grc' dir='ltr'><strong><em>ο</em></strong></span> <span class='ocrx_word' id='word_1_74' title='bbox 1171 1156 1265 1206; x_wconf 82' lang='grc' dir='ltr'>καὶ</span> <span class='ocrx_word' id='word_1_75' title='bbox 1316 1152 1370 1206; x_wconf 89' lang='grc' dir='ltr'><strong>τί</strong></span> <span class='ocrx_word' id='word_1_76' title='bbox 1423 1152 1522 1222; x_wconf 89' lang='grc' dir='ltr'><strong>μὲν</strong></span> <span class='ocrx_word' id='word_1_77' title='bbox 1586 1146 1742 1212; x_wconf 73' lang='grc' dir='ltr'><strong>οὗτος</strong></span> <span class='ocrx_word' id='word_1_78' title='bbox 1805 1150 1907 1230; x_wconf 60' lang='grc' dir='ltr'><strong>τὴν</strong></span> 
     </span>
    </p>
   </div>
   <div class='ocr_carea' id='block_1_11' title="bbox 324 1241 1914 1317">
    <p class='ocr_par' dir='ltr' id='par_1_11' title="bbox 324 1241 1914 1317">
     <span class='ocr_line' id='line_1_11' title="bbox 324 1241 1914 1317; baseline -0.003 -19"><span class='ocrx_word' id='word_1_79' title='bbox 324 1247 624 1315; x_wconf 76' lang='grc' dir='ltr'><strong>φαντασίαν</strong></span> <span class='ocrx_word' id='word_1_80' title='bbox 654 1243 794 1300; x_wconf 78' lang='grc' dir='ltr'><strong>εἷναί</strong></span> <span class='ocrx_word' id='word_1_81' title='bbox 820 1263 975 1317; x_wconf 79' lang='grc' dir='ltr'><strong>φησι,</strong></span> <span class='ocrx_word' id='word_1_82' title='bbox 1025 1245 1079 1298; x_wconf 86' lang='grc' dir='ltr'><strong>τί</strong></span> <span class='ocrx_word' id='word_1_83' title='bbox 1110 1245 1170 1299; x_wconf 75' lang='grc' dir='ltr'>δὲ</span> <span class='ocrx_word' id='word_1_84' title='bbox 1215 1247 1445 1299; x_wconf 73' lang='grc' dir='ltr'><strong>ἐκείνων</strong></span> <span class='ocrx_word' id='word_1_85' title='bbox 1504 1242 1760 1307; x_wconf 56' lang='grc' dir='ltr'><strong>ἕκαστος,</strong></span> <span class='ocrx_word' id='word_1_86' title='bbox 1812 1241 1914 1294; x_wconf 68' lang='grc' dir='ltr'><strong>καὶ</strong></span> 
     </span>
    </p>
   </div>
   <div class='ocr_carea' id='block_1_12' title="bbox 270 1333 1910 1409">
    <p class='ocr_par' dir='ltr' id='par_1_12' title="bbox 270 1333 1910 1409">
     <span class='ocr_line' id='line_1_12' title="bbox 270 1333 1910 1409; baseline -0.004 -18"><span class='ocrx_word' id='word_1_87' title='bbox 270 1380 272 1383; x_wconf 88' lang='grc'>.</span> <span class='ocrx_word' id='word_1_88' title='bbox 323 1343 428 1409; x_wconf 74' lang='grc' dir='ltr'><strong>ὅπη</strong></span> <span class='ocrx_word' id='word_1_89' title='bbox 458 1337 553 1391; x_wconf 80' lang='grc' dir='ltr'><strong>τοῦ</strong></span> <span class='ocrx_word' id='word_1_90' title='bbox 621 1337 874 1409; x_wconf 72' lang='grc' dir='ltr'><strong>σώματος</strong></span> <span class='ocrx_word' id='word_1_91' title='bbox 907 1339 1005 1408; x_wconf 84' lang='grc' dir='ltr'><strong>τῆς</strong></span> <span class='ocrx_word' id='word_1_92' title='bbox 1059 1340 1184 1392; x_wconf 76' lang='grc' dir='ltr'><strong>καθ’</strong></span> <span class='ocrx_word' id='word_1_93' title='bbox 1237 1335 1409 1390; x_wconf 78' lang='grc' dir='ltr'>ὕπνον</span> <span class='ocrx_word' id='word_1_94' title='bbox 1472 1335 1742 1406; x_wconf 77' lang='grc' dir='ltr'><strong>μαντικῆς</strong></span> <span class='ocrx_word' id='word_1_95' title='bbox 1782 1333 1910 1404; x_wconf 73' lang='grc' dir='ltr'><strong>ἱστᾷ</strong></span> 
     </span>
    </p>
   </div>
   <div class='ocr_carea' id='block_1_13' title="bbox 321 1426 1920 1500">
    <p class='ocr_par' dir='ltr' id='par_1_13' title="bbox 321 1426 1920 1500">
     <span class='ocr_line' id='line_1_13' title="bbox 321 1426 1920 1500; baseline -0.003 -18"><span class='ocrx_word' id='word_1_96' title='bbox 321 1431 410 1482; x_wconf 76' lang='grc' dir='ltr'><strong>τὸν</strong></span> <span class='ocrx_word' id='word_1_97' title='bbox 435 1431 688 1500; x_wconf 77' lang='grc' dir='ltr'><strong>τρίποδα,</strong></span> <span class='ocrx_word' id='word_1_98' title='bbox 716 1428 962 1483; x_wconf 76' lang='grc' dir='ltr'>δείκνυσι</span> <span class='ocrx_word' id='word_1_99' title='bbox 995 1429 1093 1499; x_wconf 79' lang='grc' dir='ltr'><strong>μὲν</strong></span> <span class='ocrx_word' id='word_1_100' title='bbox 1121 1429 1217 1482; x_wconf 73' lang='grc' dir='ltr'><strong>καὶ</strong></span> <span class='ocrx_word' id='word_1_101' title='bbox 1252 1429 1418 1492; x_wconf 78' lang='grc' dir='ltr'><strong>αὐτὸς</strong></span> <span class='ocrx_word' id='word_1_102' title='bbox 1452 1428 1593 1498; x_wconf 73' lang='grc' dir='ltr'><strong>πρὸς</strong></span> <span class='ocrx_word' id='word_1_103' title='bbox 1615 1428 1716 1496; x_wconf 84' lang='grc' dir='ltr'><strong>τὴν</strong></span> <span class='ocrx_word' id='word_1_104' title='bbox 1751 1426 1920 1494; x_wconf 81' lang='grc' dir='ltr'><strong>φιλὸ--</strong></span> 
     </span>
    </p>
   </div>
   <div class='ocr_carea' id='block_1_14' title="bbox 387 1579 1906 1648">
    <p class='ocr_par' dir='ltr' id='par_1_14' title="bbox 387 1579 1906 1648">
     <span class='ocr_line' id='line_1_14' title="bbox 387 1579 1906 1648; baseline -0.003 -12"><span class='ocrx_word' id='word_1_105' title='bbox 387 1582 507 1636; x_wconf 81' lang='lat' dir='ltr'><strong>Erit</strong></span> <span class='ocrx_word' id='word_1_106' title='bbox 552 1591 737 1635; x_wconf 87' lang='lat' dir='ltr'><strong>autem</strong></span> <span class='ocrx_word' id='word_1_107' title='bbox 769 1597 800 1635; x_wconf 92' lang='lat' dir='ltr'><strong>a</strong></span> <span class='ocrx_word' id='word_1_108' title='bbox 841 1581 1001 1635; x_wconf 89' lang='lat' dir='ltr'><strong>nobis</strong></span> <span class='ocrx_word' id='word_1_109' title='bbox 1035 1579 1151 1636; x_wconf 58' lang='lat' dir='ltr'><strong>haec</strong></span> <span class='ocrx_word' id='word_1_110' title='bbox 1186 1580 1506 1648; x_wconf 75' lang='lat' dir='ltr'><strong>explanatio</strong></span> <span class='ocrx_word' id='word_1_111' title='bbox 1541 1595 1654 1634; x_wconf 87' lang='lat' dir='ltr'><strong>non</strong></span> <span class='ocrx_word' id='word_1_112' title='bbox 1677 1580 1906 1633; x_wconf 81' lang='lat' dir='ltr'><strong>tantum</strong></span> 
     </span>
    </p>
   </div>
   <div class='ocr_carea' id='block_1_15' title="bbox 316 1675 1909 1747">
    <p class='ocr_par' dir='ltr' id='par_1_15' title="bbox 316 1675 1909 1747">
     <span class='ocr_line' id='line_1_15' title="bbox 316 1675 1909 1747; baseline -0.003 -13"><span class='ocrx_word' id='word_1_113' title='bbox 316 1679 372 1734; x_wconf 88' lang='lat' dir='ltr'><strong>in</strong></span> <span class='ocrx_word' id='word_1_114' title='bbox 421 1677 817 1747; x_wconf 70' lang='lat' dir='ltr'><strong>pvrlectiornm</strong></span> <span class='ocrx_word' id='word_1_115' title='bbox 876 1677 1110 1746; x_wconf 81' lang='lat' dir='ltr'><strong>gratiam</strong></span> <span class='ocrx_word' id='word_1_116' title='bbox 1167 1677 1336 1740; x_wconf 88' lang='lat' dir='ltr'><strong>facta,</strong></span> <span class='ocrx_word' id='word_1_117' title='bbox 1383 1675 1481 1731; x_wconf 89' lang='lat' dir='ltr'><strong>sed</strong></span> <span class='ocrx_word' id='word_1_118' title='bbox 1523 1676 1635 1747; x_wconf 88' lang='lat' dir='ltr'><strong>jam</strong></span> <span class='ocrx_word' id='word_1_119' title='bbox 1686 1685 1909 1746; x_wconf 77' lang='lat' dir='ltr'><strong>propter</strong></span> 
     </span>
    </p>
   </div>
   <div class='ocr_carea' id='block_1_16' title="bbox 319 1767 1907 1838">
    <p class='ocr_par' dir='ltr' id='par_1_16' title="bbox 319 1767 1907 1838">
     <span class='ocr_line' id='line_1_16' title="bbox 319 1767 1907 1838; baseline -0.001 -17"><span class='ocrx_word' id='word_1_120' title='bbox 319 1768 737 1837; x_wconf 84' lang='lat' dir='ltr'><strong>intelligentiam</strong></span> <span class='ocrx_word' id='word_1_121' title='bbox 794 1783 992 1822; x_wconf 91' lang='lat' dir='ltr'><strong>eorum</strong></span> <span class='ocrx_word' id='word_1_122' title='bbox 1029 1768 1125 1838; x_wconf 90' lang='lat' dir='ltr'><strong>qui</strong></span> <span class='ocrx_word' id='word_1_123' title='bbox 1180 1777 1312 1823; x_wconf 90' lang='lat' dir='ltr'><strong>sunt</strong></span> <span class='ocrx_word' id='word_1_124' title='bbox 1359 1769 1544 1822; x_wconf 89' lang='lat' dir='ltr'><strong>minus</strong></span> <span class='ocrx_word' id='word_1_125' title='bbox 1589 1768 1801 1823; x_wconf 76' lang='lat' dir='ltr'><strong>idonei.</strong></span> <span class='ocrx_word' id='word_1_126' title='bbox 1841 1767 1907 1822; x_wconf 88' lang='lat' dir='ltr'><strong>Hi</strong></span> 
     </span>
    </p>
   </div>
   <div class='ocr_carea' id='block_1_17' title="bbox 319 1860 1907 1929">
    <p class='ocr_par' dir='ltr' id='par_1_17' title="bbox 319 1860 1907 1929">
     <span class='ocr_line' id='line_1_17' title="bbox 319 1860 1907 1929; baseline 0.003 -17"><span class='ocrx_word' id='word_1_127' title='bbox 319 1860 539 1929; x_wconf 82' lang='lat' dir='ltr'><strong>quidem</strong></span> <span class='ocrx_word' id='word_1_128' title='bbox 582 1860 684 1914; x_wconf 90' lang='lat' dir='ltr'><strong>hac</strong></span> <span class='ocrx_word' id='word_1_129' title='bbox 734 1861 788 1914; x_wconf 92' lang='lat' dir='ltr'><strong>in</strong></span> <span class='ocrx_word' id='word_1_130' title='bbox 846 1873 1000 1929; x_wconf 89' lang='lat' dir='ltr'><strong>parte</strong></span> <span class='ocrx_word' id='word_1_131' title='bbox 1050 1861 1451 1925; x_wconf 83' lang='lat' dir='ltr'><strong>versabuntur,</strong></span> <span class='ocrx_word' id='word_1_132' title='bbox 1512 1861 1606 1916; x_wconf 87' lang='lat' dir='ltr'><strong>alii</strong></span> <span class='ocrx_word' id='word_1_133' title='bbox 1662 1862 1719 1916; x_wconf 92' lang='lat' dir='ltr'><strong>in</strong></span> <span class='ocrx_word' id='word_1_134' title='bbox 1775 1863 1907 1927; x_wconf 88' lang='lat' dir='ltr'><strong>alia,</strong></span> 
     </span>
    </p>
   </div>
   <div class='ocr_carea' id='block_1_18' title="bbox 2011 679 3608 763">
    <p class='ocr_par' dir='ltr' id='par_1_18' title="bbox 2011 679 3608 763">
     <span class='ocr_line' id='line_1_18' title="bbox 2011 679 3608 763; baseline 0.002 -20"><span class='ocrx_word' id='word_1_135' title='bbox 2011 709 2100 743; x_wconf 83' lang='grc' dir='ltr'><strong>πω</strong></span> <span class='ocrx_word' id='word_1_136' title='bbox 2124 691 2609 763; x_wconf 71' lang='grc' dir='ltr'><strong>φιλοσοφηθέντων</strong></span> <span class='ocrx_word' id='word_1_137' title='bbox 2645 679 2881 761; x_wconf 81' lang='grc' dir='ltr'><strong>Ἕλλησι</strong></span> <span class='ocrx_word' id='word_1_138' title='bbox 2923 692 3400 763; x_wconf 80' lang='grc' dir='ltr'><strong>προκεχείρισται.</strong></span> <span class='ocrx_word' id='word_1_139' title='bbox 3433 693 3608 762; x_wconf 75' lang='grc' dir='ltr'><strong>Δῆλον</strong></span> 
     </span>
    </p>
   </div>
   <div class='ocr_carea' id='block_1_19' title="bbox 2008 778 3607 855">
    <p class='ocr_par' dir='ltr' id='par_1_19' title="bbox 2008 778 3607 855">
     <span class='ocr_line' id='line_1_19' title="bbox 2008 778 3607 855; baseline -0.001 -19"><span class='ocrx_word' id='word_1_140' title='bbox 2008 781 2055 836; x_wconf 75' lang='grc' dir='ltr'>δ’</span> <span class='ocrx_word' id='word_1_141' title='bbox 2081 778 2176 836; x_wconf 84' lang='grc' dir='ltr'>οὖν</span> <span class='ocrx_word' id='word_1_142' title='bbox 2204 783 2302 836; x_wconf 76' lang='grc' dir='ltr'><strong>καὶ</strong></span> <span class='ocrx_word' id='word_1_143' title='bbox 2330 784 2494 854; x_wconf 74' lang='grc' dir='ltr'><strong>ἡμεῖς</strong></span> <span class='ocrx_word' id='word_1_144' title='bbox 2517 783 2644 837; x_wconf 79' lang='grc' dir='ltr'><strong>κατ’</strong></span> <span class='ocrx_word' id='word_1_145' title='bbox 2670 783 2846 854; x_wconf 80' lang='grc' dir='ltr'><strong>αὐτήν</strong></span> <span class='ocrx_word' id='word_1_146' title='bbox 2878 799 2942 850; x_wconf 83' lang='lat' dir='ltr'><strong>7s</strong></span> <span class='ocrx_word' id='word_1_147' title='bbox 2972 783 3324 854; x_wconf 75' lang='grc' dir='ltr'><strong>ποιησόμεθα</strong></span> <span class='ocrx_word' id='word_1_148' title='bbox 3354 785 3458 855; x_wconf 74' lang='grc' dir='ltr'><strong>τὴν</strong></span> <span class='ocrx_word' id='word_1_149' title='bbox 3479 785 3607 855; x_wconf 78' lang='grc' dir='ltr'><strong>ἑξή-</strong></span> 
     </span>
    </p>
   </div>
   <div class='ocr_carea' id='block_1_20' title="bbox 2011 877 3608 949">
    <p class='ocr_par' dir='ltr' id='par_1_20' title="bbox 2011 877 3608 949">
     <span class='ocr_line' id='line_1_20' title="bbox 2011 877 3608 949; baseline 0.001 -21"><span class='ocrx_word' id='word_1_150' title='bbox 2011 891 2209 945; x_wconf 73' lang='grc' dir='ltr'><strong>γησινο</strong></span> <span class='ocrx_word' id='word_1_151' title='bbox 2271 877 2769 948; x_wconf 70' lang='grc' dir='ltr'><strong>ἐπισημανούμεθα</strong></span> <span class='ocrx_word' id='word_1_152' title='bbox 2825 877 2935 947; x_wconf 81' lang='grc' dir='ltr'><strong>γὰρ</strong></span> <span class='ocrx_word' id='word_1_153' title='bbox 2980 877 3190 933; x_wconf 71' lang='grc' dir='ltr'><strong>ἕκαστα</strong></span> <span class='ocrx_word' id='word_1_154' title='bbox 3242 878 3385 930; x_wconf 76' lang='grc' dir='ltr'><strong>κατὰ</strong></span> <span class='ocrx_word' id='word_1_155' title='bbox 3411 877 3608 949; x_wconf 79' lang='grc' dir='ltr'><strong>χώραν</strong></span> 
     </span>
    </p>
   </div>
   <div class='ocr_carea' id='block_1_21' title="bbox 2011 949 3606 1038">
    <p class='ocr_par' dir='ltr' id='par_1_21' title="bbox 2011 949 3606 1038">
     <span class='ocr_line' id='line_1_21' title="bbox 2011 949 3606 1038; baseline 0.001 -18"><span class='ocrx_word' id='word_1_156' title='bbox 2011 968 2263 1022; x_wconf 77' lang='grc' dir='ltr'><strong>ἑκάστων</strong></span> <span class='ocrx_word' id='word_1_157' title='bbox 2291 949 2600 1038; x_wconf 75' lang='grc' dir='ltr'><strong>γενόμενοι.</strong></span> <span class='ocrx_word' id='word_1_158' title='bbox 2625 969 2696 1023; x_wconf 78' lang='grc' dir='ltr'>Σὺ</span> <span class='ocrx_word' id='word_1_159' title='bbox 2732 969 2778 1023; x_wconf 80' lang='grc' dir='ltr'>δ’</span> <span class='ocrx_word' id='word_1_160' title='bbox 2806 969 2951 1038; x_wconf 72' lang='grc' dir='ltr'><strong>ὑπὲρ</strong></span> <span class='ocrx_word' id='word_1_161' title='bbox 2978 968 3080 1037; x_wconf 81' lang='grc' dir='ltr'><strong>μὲν</strong></span> <span class='ocrx_word' id='word_1_162' title='bbox 3111 968 3223 1023; x_wconf 85' lang='grc' dir='ltr'><strong>τῶν</strong></span> <span class='ocrx_word' id='word_1_163' title='bbox 3253 969 3314 1021; x_wconf 83' lang='grc' dir='ltr'><strong>εὖ</strong></span> <span class='ocrx_word' id='word_1_164' title='bbox 3340 969 3433 1022; x_wconf 77' lang='grc' dir='ltr'><strong>καὶ</strong></span> <span class='ocrx_word' id='word_1_165' title='bbox 3460 969 3606 1022; x_wconf 80' lang='grc' dir='ltr'><strong>κατὰ</strong></span> 
     </span>
    </p>
   </div>
   <div class='ocr_carea' id='block_1_22' title="bbox 2012 1060 3608 1132">
    <p class='ocr_par' dir='ltr' id='par_1_22' title="bbox 2012 1060 3608 1132">
     <span class='ocr_line' id='line_1_22' title="bbox 2012 1060 3608 1132; baseline 0.008 -21"><span class='ocrx_word' id='word_1_166' title='bbox 2012 1060 2239 1129; x_wconf 81' lang='grc' dir='ltr'><strong>γνώμην</strong></span> <span class='ocrx_word' id='word_1_167' title='bbox 2269 1060 2508 1130; x_wconf 72' lang='grc' dir='ltr'><strong>ἑχόντων</strong></span> <span class='ocrx_word' id='word_1_168' title='bbox 2541 1061 2773 1132; x_wconf 65' lang='grc' dir='ltr'><strong>χάριτας</strong></span> <span class='ocrx_word' id='word_1_169' title='bbox 2801 1061 2910 1114; x_wconf 74' lang='grc' dir='ltr'><strong>ἀπὸ</strong></span> <span class='ocrx_word' id='word_1_170' title='bbox 2937 1060 3171 1132; x_wconf 74' lang='grc' dir='ltr'><strong>γνώμης</strong></span> <span class='ocrx_word' id='word_1_171' title='bbox 3201 1060 3301 1115; x_wconf 74' lang='grc' dir='ltr'><strong>καὶ</strong></span> <span class='ocrx_word' id='word_1_172' title='bbox 3355 1060 3608 1130; x_wconf 79' lang='grc' dir='ltr'><strong>γλώττης</strong></span> 
     </span>
    </p>
   </div>
   <div class='ocr_carea' id='block_1_23' title="bbox 2011 1147 3608 1225">
    <p class='ocr_par' dir='ltr' id='par_1_23' title="bbox 2011 1147 3608 1225">
     <span class='ocr_line' id='line_1_23' title="bbox 2011 1147 3608 1225; baseline -0.001 -18"><span class='ocrx_word' id='word_1_173' title='bbox 2011 1151 2303 1225; x_wconf 77' lang='grc' dir='ltr'><strong>ἀποδιδοὺς</strong></span> <span class='ocrx_word' id='word_1_174' title='bbox 2328 1153 2404 1222; x_wconf 82' lang='grc' dir='ltr'><strong>μὴ</strong></span> <span class='ocrx_word' id='word_1_175' title='bbox 2432 1153 2694 1209; x_wconf 80' lang='grc' dir='ltr'><strong>κατόκνει</strong></span> <span class='ocrx_word' id='word_1_176' title='bbox 2712 1147 2856 1224; x_wconf 74' lang='grc' dir='ltr'><strong>Θεῷο</strong></span> <span class='ocrx_word' id='word_1_177' title='bbox 2887 1154 3026 1225; x_wconf 69' lang='grc' dir='ltr'><strong>ὑπὲρ</strong></span> <span class='ocrx_word' id='word_1_178' title='bbox 3052 1154 3111 1207; x_wconf 69' lang='grc' dir='ltr'>δὲ</span> <span class='ocrx_word' id='word_1_179' title='bbox 3128 1151 3240 1206; x_wconf 83' lang='grc' dir='ltr'><strong>τῶν</strong></span> <span class='ocrx_word' id='word_1_180' title='bbox 3260 1152 3433 1215; x_wconf 69' lang='grc' dir='ltr'><strong>ᾶλλως</strong></span> <span class='ocrx_word' id='word_1_181' title='bbox 3454 1152 3608 1224; x_wconf 79' lang='grc' dir='ltr'><strong>ἑχόν-</strong></span> 
     </span>
    </p>
   </div>
   <div class='ocr_carea' id='block_1_24' title="bbox 2009 1224 3623 1319">
    <p class='ocr_par' dir='ltr' id='par_1_24' title="bbox 2009 1224 3623 1319">
     <span class='ocr_line' id='line_1_24' title="bbox 2009 1224 3623 1319; baseline 0.003 -23"><span class='ocrx_word' id='word_1_182' title='bbox 2009 1224 2400 1315; x_wconf 74' lang='grc' dir='ltr'><strong>των’λαμπρὰν</strong></span> <span class='ocrx_word' id='word_1_183' title='bbox 2439 1248 2576 1317; x_wconf 78' lang='grc' dir='ltr'><strong>ἡμῖν</strong></span> <span class='ocrx_word' id='word_1_184' title='bbox 2599 1247 2700 1317; x_wconf 80' lang='grc' dir='ltr'><strong>τὴν</strong></span> <span class='ocrx_word' id='word_1_185' title='bbox 2733 1246 2965 1318; x_wconf 81' lang='grc' dir='ltr'><strong>μέμψιν.</strong></span> <span class='ocrx_word' id='word_1_186' title='bbox 2998 1224 3122 1303; x_wconf 78' lang='grc' dir='ltr'><strong>Τῶν</strong></span> <span class='ocrx_word' id='word_1_187' title='bbox 3171 1247 3274 1317; x_wconf 85' lang='grc' dir='ltr'><strong>μὲν</strong></span> <span class='ocrx_word' id='word_1_188' title='bbox 3303 1251 3416 1319; x_wconf 87' lang='grc' dir='ltr'><strong>γὰρ</strong></span> <span class='ocrx_word' id='word_1_189' title='bbox 3445 1248 3623 1311; x_wconf 63' lang='grc' dir='ltr'><strong>αὐτὸς</strong></span> 
     </span>
    </p>
   </div>
   <div class='ocr_carea' id='block_1_25' title="bbox 2011 1337 2875 1410">
    <p class='ocr_par' dir='ltr' id='par_1_25' title="bbox 2011 1337 2875 1410">
     <span class='ocr_line' id='line_1_25' title="bbox 2011 1337 2875 1410; baseline 0.008 -24"><span class='ocrx_word' id='word_1_190' title='bbox 2011 1337 2268 1407; x_wconf 74' lang='grc' dir='ltr'><strong>χορηγὸς,</strong></span> <span class='ocrx_word' id='word_1_191' title='bbox 2288 1337 2396 1392; x_wconf 82' lang='grc' dir='ltr'><strong>τῶν</strong></span> <span class='ocrx_word' id='word_1_192' title='bbox 2417 1337 2464 1392; x_wconf 84' lang='grc' dir='ltr'>δ’</span> <span class='ocrx_word' id='word_1_193' title='bbox 2499 1340 2662 1410; x_wconf 72' lang='grc' dir='ltr'><strong>ἡμεῖς</strong></span> <span class='ocrx_word' id='word_1_194' title='bbox 2687 1340 2875 1394; x_wconf 70' lang='grc' dir='ltr'><strong>αἴτιοι.</strong></span> 
     </span>
    </p>
   </div>
   <div class='ocr_carea' id='block_1_26' title="bbox 2015 1584 3609 1654">
    <p class='ocr_par' dir='ltr' id='par_1_26' title="bbox 2015 1584 3609 1654">
     <span class='ocr_line' id='line_1_26' title="bbox 2015 1584 3609 1654; baseline -0.002 -17"><span class='ocrx_word' id='word_1_195' title='bbox 2015 1584 2253 1651; x_wconf 81' lang='lat' dir='ltr'><strong>ipsemet</strong></span> <span class='ocrx_word' id='word_1_196' title='bbox 2313 1585 2379 1638; x_wconf 84' lang='lat' dir='ltr'><strong>ad</strong></span> <span class='ocrx_word' id='word_1_197' title='bbox 2442 1585 2730 1653; x_wconf 68' lang='lat' dir='ltr'><strong>sapientia:</strong></span> <span class='ocrx_word' id='word_1_198' title='bbox 2788 1585 3100 1641; x_wconf 78' lang='lat' dir='ltr'><strong>studiosam</strong></span> <span class='ocrx_word' id='word_1_199' title='bbox 3148 1593 3218 1640; x_wconf 85' lang='lat' dir='ltr'><strong>.et</strong></span> <span class='ocrx_word' id='word_1_200' title='bbox 3287 1585 3609 1654; x_wconf 81' lang='lat' dir='ltr'><strong>magistram</strong></span> 
     </span>
    </p>
   </div>
   <div class='ocr_carea' id='block_1_27' title="bbox 2016 1676 3608 1748">
    <p class='ocr_par' dir='ltr' id='par_1_27' title="bbox 2016 1676 3608 1748">
     <span class='ocr_line' id='line_1_27' title="bbox 2016 1676 3608 1748; baseline -0.001 -17"><span class='ocrx_word' id='word_1_201' title='bbox 2016 1676 2334 1748; x_wconf 83' lang='lat' dir='ltr'><strong>Hypatiam,</strong></span> <span class='ocrx_word' id='word_1_202' title='bbox 2371 1679 2520 1746; x_wconf 87' lang='lat' dir='ltr'><strong>quod</strong></span> <span class='ocrx_word' id='word_1_203' title='bbox 2555 1678 2727 1748; x_wconf 78' lang='lat' dir='ltr'><strong>multa</strong></span> <span class='ocrx_word' id='word_1_204' title='bbox 2774 1693 2970 1732; x_wconf 91' lang='lat' dir='ltr'><strong>eorum</strong></span> <span class='ocrx_word' id='word_1_205' title='bbox 3019 1692 3143 1747; x_wconf 75' lang='lat' dir='ltr'><strong>quze</strong></span> <span class='ocrx_word' id='word_1_206' title='bbox 3171 1678 3321 1733; x_wconf 85' lang='lat' dir='ltr'><strong>inter</strong></span> <span class='ocrx_word' id='word_1_207' title='bbox 3361 1678 3608 1747; x_wconf 86' lang='lat' dir='ltr'><strong>philoso-</strong></span> 
     </span>
    </p>
   </div>
   <div class='ocr_carea' id='block_1_28' title="bbox 2013 1769 3609 1841">
    <p class='ocr_par' dir='ltr' id='par_1_28' title="bbox 2013 1769 3609 1841">
     <span class='ocr_line' id='line_1_28' title="bbox 2013 1769 3609 1841; baseline -0.001 -18"><span class='ocrx_word' id='word_1_208' title='bbox 2013 1769 2294 1839; x_wconf 87' lang='lat' dir='ltr'><strong>phandum</strong></span> <span class='ocrx_word' id='word_1_209' title='bbox 2358 1771 2668 1841; x_wconf 81' lang='lat' dir='ltr'><strong>excogitata</strong></span> <span class='ocrx_word' id='word_1_210' title='bbox 2705 1771 2954 1826; x_wconf 88' lang='lat' dir='ltr'><strong>nondum</strong></span> <span class='ocrx_word' id='word_1_211' title='bbox 3011 1787 3042 1825; x_wconf 89' lang='lat' dir='ltr'><strong>a</strong></span> <span class='ocrx_word' id='word_1_212' title='bbox 3097 1771 3310 1826; x_wconf 67' lang='lat' dir='ltr'><strong>Graecis</strong></span> <span class='ocrx_word' id='word_1_213' title='bbox 3363 1769 3609 1832; x_wconf 77' lang='lat' dir='ltr'><strong>fuerant,</strong></span> 
     </span>
    </p>
   </div>
   <div class='ocr_carea' id='block_1_29' title="bbox 2013 1859 3718 1931">
    <p class='ocr_par' dir='ltr' id='par_1_29' title="bbox 2013 1859 3718 1931">
     <span class='ocr_line' id='line_1_29' title="bbox 2013 1859 3718 1931; baseline -0.004 -16"><span class='ocrx_word' id='word_1_214' title='bbox 2013 1861 2265 1929; x_wconf 80' lang='lat' dir='ltr'><strong>exposita</strong></span> <span class='ocrx_word' id='word_1_215' title='bbox 2330 1861 2643 1930; x_wconf 85' lang='lat' dir='ltr'><strong>traditaque</strong></span> <span class='ocrx_word' id='word_1_216' title='bbox 2710 1869 2922 1916; x_wconf 88' lang='lat' dir='ltr'><strong>essent.</strong></span> <span class='ocrx_word' id='word_1_217' title='bbox 2992 1861 3372 1931; x_wconf 79' lang='lat' dir='ltr'><strong>Conspicuum</strong></span> <span class='ocrx_word' id='word_1_218' title='bbox 3438 1859 3609 1928; x_wconf 83' lang='lat' dir='ltr'><strong>igitur</strong></span> <span class='ocrx_word' id='word_1_219' title='bbox 3715 1879 3718 1885; x_wconf 66' lang='grc' dir='ltr'><strong>ι</strong></span> 
     </span>
    </p>
   </div>
   <div class='ocr_carea' id='block_1_30' title="bbox 320 1951 3612 2037">
    <p class='ocr_par' dir='ltr' id='par_1_30' title="bbox 320 1951 3612 2037">
     <span class='ocr_line' id='line_1_30' title="bbox 320 1951 3612 2037; baseline 0.001 -33"><span class='ocrx_word' id='word_1_220' title='bbox 320 1953 572 2006; x_wconf 84' lang='lat' dir='ltr'><strong>nonnulli</strong></span> <span class='ocrx_word' id='word_1_221' title='bbox 611 1964 794 2005; x_wconf 86' lang='lat' dir='ltr'><strong>autem</strong></span> <span class='ocrx_word' id='word_1_222' title='bbox 845 1954 896 2006; x_wconf 91' lang='lat' dir='ltr'><strong>in</strong></span> <span class='ocrx_word' id='word_1_223' title='bbox 935 1963 1190 2025; x_wconf 87' lang='lat' dir='ltr'><strong>utraque,</strong></span> <span class='ocrx_word' id='word_1_224' title='bbox 1227 1967 1393 2024; x_wconf 88' lang='lat' dir='ltr'><strong>prout</strong></span> <span class='ocrx_word' id='word_1_225' title='bbox 1446 1956 1682 2011; x_wconf 82' lang='lat' dir='ltr'><strong>facultas</strong></span> <span class='ocrx_word' id='word_1_226' title='bbox 1710 1965 1766 2010; x_wconf 93' lang='lat' dir='ltr'><strong>et</strong></span> <span class='ocrx_word' id='word_1_227' title='bbox 1807 1973 1905 2010; x_wconf 74' lang='grc' dir='ltr'><strong>νο·</strong></span> <span class='ocrx_word' id='word_1_228' title='bbox 1936 1977 1982 2037; x_wconf 73' lang='grc' dir='ltr'><strong>Β</strong></span> <span class='ocrx_word' id='word_1_229' title='bbox 2011 1954 2178 2008; x_wconf 92' lang='lat' dir='ltr'><strong>etiam</strong></span> <span class='ocrx_word' id='word_1_230' title='bbox 2223 1968 2325 2008; x_wconf 91' lang='lat' dir='ltr'><strong>nos</strong></span> <span class='ocrx_word' id='word_1_231' title='bbox 2355 1952 2627 2008; x_wconf 78' lang='lat' dir='ltr'><strong>faciemus</strong></span> <span class='ocrx_word' id='word_1_232' title='bbox 2659 1955 2714 2008; x_wconf 91' lang='lat' dir='ltr'><strong>in</strong></span> <span class='ocrx_word' id='word_1_233' title='bbox 2755 1955 2875 2023; x_wconf 89' lang='lat' dir='ltr'><strong>ipsa</strong></span> <span class='ocrx_word' id='word_1_234' title='bbox 2911 1954 3328 2024; x_wconf 75' lang='lat' dir='ltr'><strong>explanatione.</strong></span> <span class='ocrx_word' id='word_1_235' title='bbox 3366 1951 3446 2006; x_wconf 82' lang='lat' dir='ltr'><strong>Ad</strong></span> <span class='ocrx_word' id='word_1_236' title='bbox 3497 1952 3612 2006; x_wconf 70' lang='lat' dir='ltr'><strong>haec</strong></span> 
     </span>
    </p>
   </div>
   <div class='ocr_carea' id='block_1_31' title="bbox 321 2042 3609 2119">
    <p class='ocr_par' dir='ltr' id='par_1_31' title="bbox 321 2042 3609 2119">
     <span class='ocr_line' id='line_1_31' title="bbox 321 2042 3609 2119; baseline 0.001 -24"><span class='ocrx_word' id='word_1_237' title='bbox 321 2042 504 2096; x_wconf 77' lang='lat' dir='ltr'><strong>luntas</strong></span> <span class='ocrx_word' id='word_1_238' title='bbox 557 2042 858 2112; x_wconf 85' lang='lat' dir='ltr'><strong>unicuique</strong></span> <span class='ocrx_word' id='word_1_239' title='bbox 929 2043 1114 2098; x_wconf 90' lang='lat' dir='ltr'><strong>fuerit.</strong></span> <span class='ocrx_word' id='word_1_240' title='bbox 1176 2045 1532 2115; x_wconf 70' lang='lat' dir='ltr'><strong>Quaecunque</strong></span> <span class='ocrx_word' id='word_1_241' title='bbox 1599 2062 1768 2115; x_wconf 83' lang='lat' dir='ltr'><strong>porro</strong></span> <span class='ocrx_word' id='word_1_242' title='bbox 1832 2047 1900 2101; x_wconf 90' lang='lat' dir='ltr'><strong>de</strong></span> <span class='ocrx_word' id='word_1_243' title='bbox 2012 2048 2318 2104; x_wconf 79' lang='lat' dir='ltr'><strong>eﬂicicmns</strong></span> <span class='ocrx_word' id='word_1_244' title='bbox 2353 2059 2409 2101; x_wconf 91' lang='lat' dir='ltr'><strong>ut</strong></span> <span class='ocrx_word' id='word_1_245' title='bbox 2461 2048 2677 2119; x_wconf 82' lang='lat' dir='ltr'><strong>singula</strong></span> <span class='ocrx_word' id='word_1_246' title='bbox 2731 2050 3086 2104; x_wconf 84' lang='lat' dir='ltr'><strong>innetescant</strong></span> <span class='ocrx_word' id='word_1_247' title='bbox 3131 2056 3190 2102; x_wconf 84' lang='lat' dir='ltr'><strong>et</strong></span> <span class='ocrx_word' id='word_1_248' title='bbox 3237 2045 3609 2105; x_wconf 85' lang='lat' dir='ltr'><strong>illustrentur.</strong></span> 
     </span>
    </p>
   </div>
   <div class='ocr_carea' id='block_1_32' title="bbox 319 2133 1908 2206">
    <p class='ocr_par' dir='ltr' id='par_1_32' title="bbox 319 2133 1908 2206">
     <span class='ocr_line' id='line_1_32' title="bbox 319 2133 1908 2206; baseline 0.004 -21"><span class='ocrx_word' id='word_1_249' title='bbox 319 2133 504 2186; x_wconf 86' lang='lat' dir='ltr'><strong>animo</strong></span> <span class='ocrx_word' id='word_1_250' title='bbox 553 2143 971 2199; x_wconf 80' lang='lat' dir='ltr'><strong>commemorat,</strong></span> <span class='ocrx_word' id='word_1_251' title='bbox 1008 2150 1132 2190; x_wconf 88' lang='lat' dir='ltr'><strong>cum</strong></span> <span class='ocrx_word' id='word_1_252' title='bbox 1177 2136 1514 2206; x_wconf 76' lang='lat' dir='ltr'><strong>quibusdam</strong></span> <span class='ocrx_word' id='word_1_253' title='bbox 1565 2137 1769 2206; x_wconf 75' lang='lat' dir='ltr'><strong>priscis</strong></span> <span class='ocrx_word' id='word_1_254' title='bbox 1819 2153 1908 2191; x_wconf 88' lang='lat' dir='ltr'><strong>sa-</strong></span> 
     </span>
    </p>
   </div>
   <div class='ocr_carea' id='block_1_33' title="bbox 324 2225 1909 2299">
    <p class='ocr_par' dir='ltr' id='par_1_33' title="bbox 324 2225 1909 2299">
     <span class='ocr_line' id='line_1_33' title="bbox 324 2225 1909 2299; baseline 0.005 -24"><span class='ocrx_word' id='word_1_255' title='bbox 324 2225 604 2292; x_wconf 81' lang='lat' dir='ltr'><strong>pientibus</strong></span> <span class='ocrx_word' id='word_1_256' title='bbox 636 2236 1010 2282; x_wconf 86' lang='lat' dir='ltr'><strong>consentanea</strong></span> <span class='ocrx_word' id='word_1_257' title='bbox 1051 2235 1366 2292; x_wconf 87' lang='lat' dir='ltr'><strong>enumerat,</strong></span> <span class='ocrx_word' id='word_1_258' title='bbox 1400 2244 1526 2284; x_wconf 90' lang='lat' dir='ltr'><strong>cum</strong></span> <span class='ocrx_word' id='word_1_259' title='bbox 1576 2229 1909 2299; x_wconf 86' lang='lat' dir='ltr'><strong>quibusdam</strong></span> 
     </span>
    </p>
   </div>
   <div class='ocr_carea' id='block_1_34' title="bbox 322 2318 1913 2392">
    <p class='ocr_par' dir='ltr' id='par_1_34' title="bbox 322 2318 1913 2392">
     <span class='ocr_line' id='line_1_34' title="bbox 322 2318 1913 2392; baseline 0.004 -22"><span class='ocrx_word' id='word_1_260' title='bbox 322 2318 545 2372; x_wconf 80' lang='lat' dir='ltr'><strong>dissona</strong></span> <span class='ocrx_word' id='word_1_261' title='bbox 565 2318 1075 2390; x_wconf 76' lang='lat' dir='ltr'><strong>discrepantiaquc.</strong></span> <span class='ocrx_word' id='word_1_262' title='bbox 1100 2321 1168 2378; x_wconf 87' lang='lat' dir='ltr'><strong>Et</strong></span> <span class='ocrx_word' id='word_1_263' title='bbox 1195 2320 1458 2389; x_wconf 86' lang='lat' dir='ltr'><strong>quidnam</strong></span> <span class='ocrx_word' id='word_1_264' title='bbox 1487 2323 1708 2392; x_wconf 83' lang='lat' dir='ltr'><strong>proprie</strong></span> <span class='ocrx_word' id='word_1_265' title='bbox 1737 2324 1913 2391; x_wconf 84' lang='lat' dir='ltr'><strong>phan-</strong></span> 
     </span>
    </p>
   </div>
   <div class='ocr_carea' id='block_1_35' title="bbox 327 2411 1911 2485">
    <p class='ocr_par' dir='ltr' id='par_1_35' title="bbox 327 2411 1911 2485">
     <span class='ocr_line' id='line_1_35' title="bbox 327 2411 1911 2485; baseline 0.004 -21"><span class='ocrx_word' id='word_1_266' title='bbox 327 2411 515 2464; x_wconf 83' lang='lat' dir='ltr'><strong>tasiam</strong></span> <span class='ocrx_word' id='word_1_267' title='bbox 555 2427 678 2466; x_wconf 86' lang='lat' dir='ltr'><strong>esse</strong></span> <span class='ocrx_word' id='word_1_268' title='bbox 718 2413 810 2466; x_wconf 90' lang='lat' dir='ltr'><strong>ille</strong></span> <span class='ocrx_word' id='word_1_269' title='bbox 845 2413 1010 2473; x_wconf 88' lang='lat' dir='ltr'><strong>dicat.</strong></span> <span class='ocrx_word' id='word_1_270' title='bbox 1046 2413 1178 2482; x_wconf 85' lang='lat' dir='ltr'><strong>quid</strong></span> <span class='ocrx_word' id='word_1_271' title='bbox 1217 2417 1347 2467; x_wconf 84' lang='lat' dir='ltr'><strong>v’ero</strong></span> <span class='ocrx_word' id='word_1_272' title='bbox 1383 2429 1576 2476; x_wconf 78' lang='lat' dir='ltr'><strong>eorum</strong></span> <span class='ocrx_word' id='word_1_273' title='bbox 1613 2415 1911 2485; x_wconf 77' lang='lat' dir='ltr'><strong>unusquis-</strong></span> 
     </span>
    </p>
   </div>
   <div class='ocr_carea' id='block_1_36' title="bbox 319 2504 1911 2576">
    <p class='ocr_par' dir='ltr' id='par_1_36' title="bbox 319 2504 1911 2576">
     <span class='ocr_line' id='line_1_36' title="bbox 319 2504 1911 2576; baseline 0.006 -24"><span class='ocrx_word' id='word_1_274' title='bbox 319 2518 467 2571; x_wconf 83' lang='lat' dir='ltr'><strong>que:</strong></span> <span class='ocrx_word' id='word_1_275' title='bbox 510 2512 564 2556; x_wconf 87' lang='lat' dir='ltr'><strong>et</strong></span> <span class='ocrx_word' id='word_1_276' title='bbox 595 2504 650 2556; x_wconf 90' lang='lat' dir='ltr'><strong>in</strong></span> <span class='ocrx_word' id='word_1_277' title='bbox 680 2521 786 2573; x_wconf 89' lang='lat' dir='ltr'><strong>qua</strong></span> <span class='ocrx_word' id='word_1_278' title='bbox 821 2506 1074 2573; x_wconf 84' lang='lat' dir='ltr'><strong>corporis</strong></span> <span class='ocrx_word' id='word_1_279' title='bbox 1112 2514 1293 2574; x_wconf 84' lang='lat' dir='ltr'><strong>parte.</strong></span> <span class='ocrx_word' id='word_1_280' title='bbox 1320 2505 1441 2576; x_wconf 89' lang='lat' dir='ltr'><strong>ejus</strong></span> <span class='ocrx_word' id='word_1_281' title='bbox 1466 2521 1592 2575; x_wconf 67' lang='lat' dir='ltr'><strong>qua:</strong></span> <span class='ocrx_word' id='word_1_282' title='bbox 1623 2506 1679 2560; x_wconf 91' lang='lat' dir='ltr'><strong>in</strong></span> <span class='ocrx_word' id='word_1_283' title='bbox 1714 2521 1911 2562; x_wconf 89' lang='lat' dir='ltr'><strong>somno</strong></span> 
     </span>
    </p>
   </div>
   <div class='ocr_carea' id='block_1_37' title="bbox 321 2594 1910 2666">
    <p class='ocr_par' dir='ltr' id='par_1_37' title="bbox 321 2594 1910 2666">
     <span class='ocr_line' id='line_1_37' title="bbox 321 2594 1910 2666; baseline 0.006 -21"><span class='ocrx_word' id='word_1_284' title='bbox 321 2603 408 2646; x_wconf 87' lang='lat' dir='ltr'><strong>est</strong></span> <span class='ocrx_word' id='word_1_285' title='bbox 444 2594 876 2660; x_wconf 82' lang='lat' dir='ltr'><strong>vaticinationis,</strong></span> <span class='ocrx_word' id='word_1_286' title='bbox 913 2605 1121 2651; x_wconf 80' lang='lat' dir='ltr'><strong>statuat</strong></span> <span class='ocrx_word' id='word_1_287' title='bbox 1169 2597 1442 2666; x_wconf 84' lang='lat' dir='ltr'><strong>tripodem</strong></span> <span class='ocrx_word' id='word_1_288' title='bbox 1491 2614 1590 2652; x_wconf 89' lang='lat' dir='ltr'><strong>seu</strong></span> <span class='ocrx_word' id='word_1_289' title='bbox 1637 2599 1910 2654; x_wconf 90' lang='lat' dir='ltr'><strong>cortinam</strong></span> 
     </span>
    </p>
   </div>
   <div class='ocr_carea' id='block_1_38' title="bbox 322 2685 1910 2762">
    <p class='ocr_par' dir='ltr' id='par_1_38' title="bbox 322 2685 1910 2762">
     <span class='ocr_line' id='line_1_38' title="bbox 322 2685 1910 2762; baseline 0.008 -26"><span class='ocrx_word' id='word_1_290' title='bbox 322 2685 556 2740; x_wconf 80' lang='lat' dir='ltr'><strong>edendis</strong></span> <span class='ocrx_word' id='word_1_291' title='bbox 634 2688 874 2742; x_wconf 85' lang='lat' dir='ltr'><strong>oraculis</strong></span> <span class='ocrx_word' id='word_1_292' title='bbox 934 2687 1217 2756; x_wconf 83' lang='lat' dir='ltr'><strong>idoneam,</strong></span> <span class='ocrx_word' id='word_1_293' title='bbox 1280 2689 1626 2747; x_wconf 83' lang='lat' dir='ltr'><strong>demonstrat</strong></span> <span class='ocrx_word' id='word_1_294' title='bbox 1683 2692 1910 2762; x_wconf 88' lang='lat' dir='ltr'><strong>quidem</strong></span> 
     </span>
    </p>
   </div>
   <div class='ocr_carea' id='block_1_39' title="bbox 2018 2133 3614 2211">
    <p class='ocr_par' dir='ltr' id='par_1_39' title="bbox 2018 2133 3614 2211">
     <span class='ocr_line' id='line_1_39' title="bbox 2018 2133 3614 2211; baseline -0.004 -18"><span class='ocrx_word' id='word_1_295' title='bbox 2018 2141 2072 2194; x_wconf 91' lang='lat' dir='ltr'><strong>in</strong></span> <span class='ocrx_word' id='word_1_296' title='bbox 2103 2142 2446 2211; x_wconf 88' lang='lat' dir='ltr'><strong>singulorum</strong></span> <span class='ocrx_word' id='word_1_297' title='bbox 2475 2143 2714 2195; x_wconf 86' lang='lat' dir='ltr'><strong>statione</strong></span> <span class='ocrx_word' id='word_1_298' title='bbox 2741 2141 3033 2208; x_wconf 89' lang='lat' dir='ltr'><strong>degentes.</strong></span> <span class='ocrx_word' id='word_1_299' title='bbox 3064 2137 3148 2194; x_wconf 86' lang='lat' dir='ltr'><strong>’l&#39;u</strong></span> <span class='ocrx_word' id='word_1_300' title='bbox 3179 2147 3365 2192; x_wconf 81' lang='lat' dir='ltr'><strong>autem</strong></span> <span class='ocrx_word' id='word_1_301' title='bbox 3400 2151 3501 2205; x_wconf 78' lang='lat' dir='ltr'><strong>pro</strong></span> <span class='ocrx_word' id='word_1_302' title='bbox 3528 2133 3614 2188; x_wconf 82' lang='lat' dir='ltr'><strong>his</strong></span> 
     </span>
    </p>
   </div>
   <div class='ocr_carea' id='block_1_40' title="bbox 2019 2229 3612 2301">
    <p class='ocr_par' dir='ltr' id='par_1_40' title="bbox 2019 2229 3612 2301">
     <span class='ocr_line' id='line_1_40' title="bbox 2019 2229 3612 2301; baseline -0.003 -16"><span class='ocrx_word' id='word_1_303' title='bbox 2019 2247 2140 2301; x_wconf 78' lang='lat' dir='ltr'><strong>qua:</strong></span> <span class='ocrx_word' id='word_1_304' title='bbox 2190 2231 2444 2301; x_wconf 86' lang='lat' dir='ltr'><strong>apposite</strong></span> <span class='ocrx_word' id='word_1_305' title='bbox 2473 2240 2529 2286; x_wconf 88' lang='lat' dir='ltr'><strong>et</strong></span> <span class='ocrx_word' id='word_1_306' title='bbox 2559 2246 2627 2284; x_wconf 80' lang='lat' dir='ltr'><strong>ex</strong></span> <span class='ocrx_word' id='word_1_307' title='bbox 2664 2231 2743 2285; x_wconf 92' lang='lat' dir='ltr'><strong>tui</strong></span> <span class='ocrx_word' id='word_1_308' title='bbox 2779 2230 2950 2286; x_wconf 88' lang='lat' dir='ltr'><strong>animi</strong></span> <span class='ocrx_word' id='word_1_309' title='bbox 2990 2229 3270 2286; x_wconf 84' lang='lat' dir='ltr'><strong>sententia</strong></span> <span class='ocrx_word' id='word_1_310' title='bbox 3309 2229 3612 2283; x_wconf 88' lang='lat' dir='ltr'><strong>constituta</strong></span> 
     </span>
    </p>
   </div>
   <div class='ocr_carea' id='block_1_41' title="bbox 2018 2319 3613 2393">
    <p class='ocr_par' dir='ltr' id='par_1_41' title="bbox 2018 2319 3613 2393">
     <span class='ocr_line' id='line_1_41' title="bbox 2018 2319 3613 2393; baseline -0.004 -16"><span class='ocrx_word' id='word_1_311' title='bbox 2018 2332 2169 2388; x_wconf 89' lang='lat' dir='ltr'><strong>sunt,</strong></span> <span class='ocrx_word' id='word_1_312' title='bbox 2202 2326 2409 2393; x_wconf 83' lang='lat' dir='ltr'><strong>gratias</strong></span> <span class='ocrx_word' id='word_1_313' title='bbox 2445 2325 2630 2378; x_wconf 79' lang='lat' dir='ltr'><strong>animo</strong></span> <span class='ocrx_word' id='word_1_314' title='bbox 2674 2332 2731 2378; x_wconf 92' lang='lat' dir='ltr'><strong>et</strong></span> <span class='ocrx_word' id='word_1_315' title='bbox 2761 2320 2946 2393; x_wconf 87' lang='lat' dir='ltr'><strong>lingua</strong></span> <span class='ocrx_word' id='word_1_316' title='bbox 2986 2321 3223 2376; x_wconf 86' lang='lat' dir='ltr'><strong>reddere</strong></span> <span class='ocrx_word' id='word_1_317' title='bbox 3255 2333 3454 2374; x_wconf 88' lang='lat' dir='ltr'><strong>ceram</strong></span> <span class='ocrx_word' id='word_1_318' title='bbox 3496 2319 3613 2372; x_wconf 89' lang='lat' dir='ltr'><strong>Dee</strong></span> 
     </span>
    </p>
   </div>
   <div class='ocr_carea' id='block_1_42' title="bbox 2018 2411 3612 2485">
    <p class='ocr_par' dir='ltr' id='par_1_42' title="bbox 2018 2411 3612 2485">
     <span class='ocr_line' id='line_1_42' title="bbox 2018 2411 3612 2485; baseline -0.006 -14"><span class='ocrx_word' id='word_1_319' title='bbox 2018 2433 2086 2471; x_wconf 93' lang='lat' dir='ltr'><strong>ne</strong></span> <span class='ocrx_word' id='word_1_320' title='bbox 2124 2427 2407 2484; x_wconf 82' lang='lat' dir='ltr'><strong>torpescas</strong></span> <span class='ocrx_word' id='word_1_321' title='bbox 2438 2435 2450 2470; x_wconf 89' lang='lat'><strong>:</strong></span> <span class='ocrx_word' id='word_1_322' title='bbox 2485 2417 2580 2472; x_wconf 89' lang='lat' dir='ltr'><strong>sed</strong></span> <span class='ocrx_word' id='word_1_323' title='bbox 2635 2432 2737 2485; x_wconf 88' lang='lat' dir='ltr'><strong>pro</strong></span> <span class='ocrx_word' id='word_1_324' title='bbox 2781 2416 2851 2470; x_wconf 91' lang='lat' dir='ltr'><strong>iis</strong></span> <span class='ocrx_word' id='word_1_325' title='bbox 2899 2430 3024 2485; x_wconf 75' lang='lat' dir='ltr'><strong>qua:</strong></span> <span class='ocrx_word' id='word_1_326' title='bbox 3057 2413 3222 2468; x_wconf 83' lang='lat' dir='ltr'><strong>aliter</strong></span> <span class='ocrx_word' id='word_1_327' title='bbox 3274 2427 3334 2468; x_wconf 88' lang='lat' dir='ltr'><strong>se</strong></span> <span class='ocrx_word' id='word_1_328' title='bbox 3380 2411 3612 2472; x_wconf 83' lang='lat' dir='ltr'><strong>habent.</strong></span> 
     </span>
    </p>
   </div>
   <div class='ocr_carea' id='block_1_43' title="bbox 2016 2503 3723 2580">
    <p class='ocr_par' dir='ltr' id='par_1_43' title="bbox 2016 2503 3723 2580">
     <span class='ocr_line' id='line_1_43' title="bbox 2016 2503 3723 2580; baseline -0.005 -17"><span class='ocrx_word' id='word_1_329' title='bbox 2016 2510 2357 2565; x_wconf 56' lang='lat' dir='ltr'><strong>luculentam</strong></span> <span class='ocrx_word' id='word_1_330' title='bbox 2397 2510 2558 2566; x_wconf 90' lang='lat' dir='ltr'><strong>nobis</strong></span> <span class='ocrx_word' id='word_1_331' title='bbox 2589 2508 3094 2580; x_wconf 75' lang='lat' dir='ltr'><strong>expostulationem</strong></span> <span class='ocrx_word' id='word_1_332' title='bbox 3153 2505 3344 2560; x_wconf 84' lang='lat' dir='ltr'><strong>facito.</strong></span> <span class='ocrx_word' id='word_1_333' title='bbox 3382 2503 3612 2558; x_wconf 76' lang='lat' dir='ltr'><strong>illorum</strong></span> <span class='ocrx_word' id='word_1_334' title='bbox 3721 2570 3723 2573; x_wconf 24' lang='grc' dir='ltr'>ι</span> 
     </span>
    </p>
   </div>
   <div class='ocr_carea' id='block_1_44' title="bbox 2018 2594 3614 2673">
    <p class='ocr_par' dir='ltr' id='par_1_44' title="bbox 2018 2594 3614 2673">
     <span class='ocr_line' id='line_1_44' title="bbox 2018 2594 3614 2673; baseline -0.005 -15"><span class='ocrx_word' id='word_1_335' title='bbox 2018 2603 2168 2658; x_wconf 86' lang='lat' dir='ltr'><strong>enim</strong></span> <span class='ocrx_word' id='word_1_336' title='bbox 2223 2603 2339 2673; x_wconf 84' lang='lat' dir='ltr'><strong>ipse</strong></span> <span class='ocrx_word' id='word_1_337' title='bbox 2389 2602 2521 2665; x_wconf 77' lang='lat' dir='ltr'><strong>dux,</strong></span> <span class='ocrx_word' id='word_1_338' title='bbox 2553 2603 2814 2672; x_wconf 83' lang='lat' dir='ltr'><strong>princeps</strong></span> <span class='ocrx_word' id='word_1_339' title='bbox 2852 2610 2908 2655; x_wconf 90' lang='lat' dir='ltr'><strong>et</strong></span> <span class='ocrx_word' id='word_1_340' title='bbox 2958 2601 3234 2668; x_wconf 81' lang='lat' dir='ltr'><strong>choragus</strong></span> <span class='ocrx_word' id='word_1_341' title='bbox 3265 2606 3351 2652; x_wconf 89' lang='lat' dir='ltr'><strong>est</strong></span> <span class='ocrx_word' id='word_1_342' title='bbox 3382 2615 3395 2652; x_wconf 90' lang='lat'>:</span> <span class='ocrx_word' id='word_1_343' title='bbox 3433 2596 3488 2652; x_wconf 90' lang='lat' dir='ltr'><strong>in</strong></span> <span class='ocrx_word' id='word_1_344' title='bbox 3524 2594 3614 2651; x_wconf 82' lang='lat' dir='ltr'><strong>his</strong></span> 
     </span>
    </p>
   </div>
   <div class='ocr_carea' id='block_1_45' title="bbox 2018 2696 2895 2764">
    <p class='ocr_par' dir='ltr' id='par_1_45' title="bbox 2018 2696 2895 2764">
     <span class='ocr_line' id='line_1_45' title="bbox 2018 2696 2895 2764; baseline 0.001 -14"><span class='ocrx_word' id='word_1_345' title='bbox 2018 2706 2205 2752; x_wconf 89' lang='lat' dir='ltr'><strong>autem</strong></span> <span class='ocrx_word' id='word_1_346' title='bbox 2241 2711 2342 2751; x_wconf 85' lang='lat' dir='ltr'><strong>nos</strong></span> <span class='ocrx_word' id='word_1_347' title='bbox 2375 2696 2636 2764; x_wconf 85' lang='lat' dir='ltr'><strong>culpandi</strong></span> <span class='ocrx_word' id='word_1_348' title='bbox 2677 2709 2895 2751; x_wconf 83' lang='lat' dir='ltr'><strong>smnus.</strong></span> 
     </span>
    </p>
   </div>
   <div class='ocr_carea' id='block_1_46' title="bbox 1450 2949 2499 3036">
    <p class='ocr_par' dir='ltr' id='par_1_46' title="bbox 1450 2949 2499 3036">
     <span class='ocr_line' id='line_1_46' title="bbox 1450 2949 2499 3036; baseline -0.003 -3"><span class='ocrx_word' id='word_1_349' title='bbox 1450 2950 1751 3034; x_wconf 85' lang='grc' dir='ltr'><strong>ΑΡΧΗ</strong></span> <span class='ocrx_word' id='word_1_350' title='bbox 1832 2949 2499 3036; x_wconf 79' lang='grc' dir='ltr'><strong>ΕΡΜΗΝΕΙΛΣ.</strong></span> 
     </span>
    </p>
   </div>
   <div class='ocr_carea' id='block_1_47' title="bbox 295 3110 1930 3186">
    <p class='ocr_par' dir='ltr' id='par_1_47' title="bbox 295 3110 1930 3186">
     <span class='ocr_line' id='line_1_47' title="bbox 295 3110 1930 3186; baseline 0.002 -22"><span class='ocrx_word' id='word_1_351' title='bbox 295 3150 298 3152; x_wconf 48' lang='grc' dir='ltr'><strong>ν</strong></span> <span class='ocrx_word' id='word_1_352' title='bbox 400 3110 530 3166; x_wconf 64' lang='grc' dir='ltr'><strong>Ρλο.</strong></span> <span class='ocrx_word' id='word_1_353' title='bbox 563 3111 708 3166; x_wconf 77' lang='grc'><strong>150⁸.</strong></span> <span class='ocrx_word' id='word_1_354' title='bbox 739 3116 804 3168; x_wconf 78' lang='lat' dir='ltr'><strong>El</strong></span> <span class='ocrx_word' id='word_1_355' title='bbox 833 3114 902 3169; x_wconf 81' lang='grc' dir='ltr'>δέ</span> <span class='ocrx_word' id='word_1_356' title='bbox 917 3116 1290 3170; x_wconf 67' lang='grc' dir='ltr'><strong>είσινῦπνοι.</strong></span> <span class='ocrx_word' id='word_1_357' title='bbox 1321 3116 1533 3185; x_wconf 77' lang='grc' dir='ltr'><strong>Ὥσπερ</strong></span> <span class='ocrx_word' id='word_1_358' title='bbox 1559 3116 1930 3186; x_wconf 55' lang='grc' dir='ltr'><strong>τὰιτῶνβασι.</strong></span> 
     </span>
    </p>
   </div>
   <div class='ocr_carea' id='block_1_48' title="bbox 327 3187 1928 3278">
    <p class='ocr_par' dir='ltr' id='par_1_48' title="bbox 327 3187 1928 3278">
     <span class='ocr_line' id='line_1_48' title="bbox 327 3187 1928 3278; baseline 0.002 -22"><span class='ocrx_word' id='word_1_359' title='bbox 327 3187 464 3257; x_wconf 66' lang='grc' dir='ltr'><strong>λέων</strong></span> <span class='ocrx_word' id='word_1_360' title='bbox 491 3207 773 3276; x_wconf 83' lang='grc' dir='ltr'><strong>κειμήλια,</strong></span> <span class='ocrx_word' id='word_1_361' title='bbox 803 3208 896 3260; x_wconf 80' lang='grc' dir='ltr'>καὶ</span> <span class='ocrx_word' id='word_1_362' title='bbox 928 3209 1103 3262; x_wconf 78' lang='grc' dir='ltr'>ὁπόσα</span> <span class='ocrx_word' id='word_1_363' title='bbox 1135 3207 1447 3278; x_wconf 79' lang='grc' dir='ltr'><strong>ἀνθρώποις</strong></span> <span class='ocrx_word' id='word_1_364' title='bbox 1489 3209 1613 3278; x_wconf 73' lang='grc' dir='ltr'><strong>ἱερά</strong></span> <span class='ocrx_word' id='word_1_365' title='bbox 1643 3225 1700 3261; x_wconf 86' lang='grc' dir='ltr'><strong>τε</strong></span> <span class='ocrx_word' id='word_1_366' title='bbox 1730 3209 1825 3261; x_wconf 77' lang='grc' dir='ltr'><strong>καὶ</strong></span> <span class='ocrx_word' id='word_1_367' title='bbox 1848 3209 1928 3263; x_wconf 79' lang='grc' dir='ltr'><strong>τί-</strong></span> 
     </span>
    </p>
   </div>
   <div class='ocr_carea' id='block_1_49' title="bbox 329 3300 1923 3373">
    <p class='ocr_par' dir='ltr' id='par_1_49' title="bbox 329 3300 1923 3373">
     <span class='ocr_line' id='line_1_49' title="bbox 329 3300 1923 3373; baseline 0.002 -23"><span class='ocrx_word' id='word_1_368' title='bbox 329 3316 450 3366; x_wconf 79' lang='grc' dir='ltr'><strong>μια,</strong></span> <span class='ocrx_word' id='word_1_369' title='bbox 484 3300 587 3351; x_wconf 74' lang='grc' dir='ltr'><strong>ὑπὸ</strong></span> <span class='ocrx_word' id='word_1_370' title='bbox 612 3302 1114 3373; x_wconf 81' lang='grc' dir='ltr'><strong>παραπετάσμασιν</strong></span> <span class='ocrx_word' id='word_1_371' title='bbox 1145 3303 1279 3358; x_wconf 78' lang='grc' dir='ltr'>ἄλλα</span> <span class='ocrx_word' id='word_1_372' title='bbox 1319 3304 1498 3365; x_wconf 76' lang='grc' dir='ltr'><strong>ἄλλοις</strong></span> <span class='ocrx_word' id='word_1_373' title='bbox 1530 3303 1923 3367; x_wconf 81' lang='grc' dir='ltr'><strong>καλύπτονται,</strong></span> 
     </span>
    </p>
   </div>
   <div class='ocr_carea' id='block_1_50' title="bbox 331 3390 1922 3465">
    <p class='ocr_par' dir='ltr' id='par_1_50' title="bbox 331 3390 1922 3465">
     <span class='ocr_line' id='line_1_50' title="bbox 331 3390 1922 3465; baseline 0.004 -24"><span class='ocrx_word' id='word_1_374' title='bbox 331 3390 421 3443; x_wconf 81' lang='grc' dir='ltr'><strong>ῐνα</strong></span> <span class='ocrx_word' id='word_1_375' title='bbox 475 3395 610 3459; x_wconf 81' lang='grc' dir='ltr'><strong>μήτε</strong></span> <span class='ocrx_word' id='word_1_376' title='bbox 635 3395 827 3462; x_wconf 83' lang='grc' dir='ltr'>δήμοις</span> <span class='ocrx_word' id='word_1_377' title='bbox 846 3396 1084 3458; x_wconf 80' lang='grc' dir='ltr'><strong>ἀνοσίοις</strong></span> <span class='ocrx_word' id='word_1_378' title='bbox 1126 3396 1466 3465; x_wconf 76' lang='grc' dir='ltr'><strong>προκείμενα</strong></span> <span class='ocrx_word' id='word_1_379' title='bbox 1496 3396 1884 3463; x_wconf 65' lang='grc' dir='ltr'><strong>κιέιδηὶεύηται</strong></span> <span class='ocrx_word' id='word_1_380' title='bbox 1909 3437 1922 3460; x_wconf 89' lang='grc'><strong>,</strong></span> 
     </span>
    </p>
   </div>
   <div class='ocr_carea' id='block_1_51' title="bbox 332 3482 1994 3580">
    <p class='ocr_par' dir='ltr' id='par_1_51' title="bbox 332 3482 1994 3580">
     <span class='ocr_line' id='line_1_51' title="bbox 332 3482 1994 3580; baseline 0.006 -49"><span class='ocrx_word' id='word_1_381' title='bbox 332 3482 471 3549; x_wconf 82' lang='grc' dir='ltr'><strong>μήτε</strong></span> <span class='ocrx_word' id='word_1_382' title='bbox 503 3487 910 3556; x_wconf 78' lang='grc' dir='ltr'><strong>περιφρονῆται</strong></span> <span class='ocrx_word' id='word_1_383' title='bbox 935 3505 948 3518; x_wconf 91' lang='grc'><strong>·</strong></span> <span class='ocrx_word' id='word_1_384' title='bbox 986 3487 1075 3540; x_wconf 80' lang='grc' dir='ltr'>διὰ</span> <span class='ocrx_word' id='word_1_385' title='bbox 1125 3491 1234 3557; x_wconf 83' lang='grc' dir='ltr'><strong>γὰρ</strong></span> <span class='ocrx_word' id='word_1_386' title='bbox 1276 3489 1378 3558; x_wconf 76' lang='grc' dir='ltr'><strong>τῆς</strong></span> <span class='ocrx_word' id='word_1_387' title='bbox 1414 3489 1681 3560; x_wconf 79' lang='grc' dir='ltr'><strong>χορηγίας</strong></span> <span class='ocrx_word' id='word_1_388' title='bbox 1723 3489 1925 3542; x_wconf 76' lang='grc' dir='ltr'><strong>ἄπονόν</strong></span> <span class='ocrx_word' id='word_1_389' title='bbox 1949 3518 1994 3580; x_wconf 78' lang='lat' dir='ltr'><strong><em>C</em></strong></span> 
     </span>
    </p>
   </div>
   <div class='ocr_carea' id='block_1_52' title="bbox 331 3577 1920 3647">
    <p class='ocr_par' dir='ltr' id='par_1_52' title="bbox 331 3577 1920 3647">
     <span class='ocr_line' id='line_1_52' title="bbox 331 3577 1920 3647; baseline 0.004 -23"><span class='ocrx_word' id='word_1_390' title='bbox 331 3591 387 3625; x_wconf 85' lang='grc' dir='ltr'><strong>τε</strong></span> <span class='ocrx_word' id='word_1_391' title='bbox 422 3577 513 3626; x_wconf 77' lang='grc' dir='ltr'>καὶ</span> <span class='ocrx_word' id='word_1_392' title='bbox 556 3578 847 3647; x_wconf 83' lang='grc' dir='ltr'><strong>πρόχειρον</strong></span> <span class='ocrx_word' id='word_1_393' title='bbox 870 3593 886 3610; x_wconf 84' lang='grc'>⁶</span> <span class='ocrx_word' id='word_1_394' title='bbox 922 3578 1066 3633; x_wconf 74' lang='grc' dir='ltr'><strong>οὕτω</strong></span> <span class='ocrx_word' id='word_1_395' title='bbox 1097 3583 1189 3634; x_wconf 72' lang='grc' dir='ltr'><strong>καὶ</strong></span> <span class='ocrx_word' id='word_1_396' title='bbox 1210 3581 1308 3633; x_wconf 81' lang='grc' dir='ltr'><strong>ὅσα</strong></span> <span class='ocrx_word' id='word_1_397' title='bbox 1331 3580 1655 3634; x_wconf 78' lang='grc' dir='ltr'><strong>καθεύδουσι</strong></span> <span class='ocrx_word' id='word_1_398' title='bbox 1682 3584 1795 3643; x_wconf 76' lang='grc' dir='ltr'><strong>τοῖς</strong></span> <span class='ocrx_word' id='word_1_399' title='bbox 1827 3581 1920 3632; x_wconf 80' lang='grc' dir='ltr'><strong>ἁν-</strong></span> 
     </span>
    </p>
   </div>
   <div class='ocr_carea' id='block_1_53' title="bbox 338 3665 1920 3742">
    <p class='ocr_par' dir='ltr' id='par_1_53' title="bbox 338 3665 1920 3742">
     <span class='ocr_line' id='line_1_53' title="bbox 338 3665 1920 3742; baseline 0.009 -28"><span class='ocrx_word' id='word_1_400' title='bbox 338 3665 580 3734; x_wconf 80' lang='grc' dir='ltr'><strong>Θρώποις</strong></span> <span class='ocrx_word' id='word_1_401' title='bbox 609 3670 861 3737; x_wconf 77' lang='grc' dir='ltr'><strong>ὁρῶνται,</strong></span> <span class='ocrx_word' id='word_1_402' title='bbox 887 3672 1012 3724; x_wconf 77' lang='grc' dir='ltr'><strong>ἐπεὶ</strong></span> <span class='ocrx_word' id='word_1_403' title='bbox 1041 3672 1312 3741; x_wconf 73' lang='grc' dir='ltr'><strong>θειοτέρα,</strong></span> <span class='ocrx_word' id='word_1_404' title='bbox 1350 3674 1507 3742; x_wconf 68' lang='grc' dir='ltr'><strong>φησι,</strong></span> <span class='ocrx_word' id='word_1_405' title='bbox 1539 3674 1632 3725; x_wconf 74' lang='grc' dir='ltr'><strong>καὶ</strong></span> <span class='ocrx_word' id='word_1_406' title='bbox 1670 3688 1920 3742; x_wconf 84' lang='grc' dir='ltr'><strong>προγνω·</strong></span> 
     </span>
    </p>
   </div>
   <div class='ocr_carea' id='block_1_54' title="bbox 339 3760 1919 3833">
    <p class='ocr_par' dir='ltr' id='par_1_54' title="bbox 339 3760 1919 3833">
     <span class='ocr_line' id='line_1_54' title="bbox 339 3760 1919 3833; baseline 0.006 -27"><span class='ocrx_word' id='word_1_407' title='bbox 339 3760 500 3824; x_wconf 81' lang='grc' dir='ltr'><strong>στική</strong></span> <span class='ocrx_word' id='word_1_408' title='bbox 539 3761 622 3821; x_wconf 78' lang='grc' dir='ltr'><strong>τίς</strong></span> <span class='ocrx_word' id='word_1_409' title='bbox 653 3763 804 3813; x_wconf 84' lang='grc' dir='ltr'><strong>ἑστιν</strong></span> <span class='ocrx_word' id='word_1_410' title='bbox 829 3762 978 3830; x_wconf 75' lang='grc' dir='ltr'><strong>ὄψις,</strong></span> <span class='ocrx_word' id='word_1_411' title='bbox 1031 3763 1123 3816; x_wconf 80' lang='grc' dir='ltr'><strong>τοῦ</strong></span> <span class='ocrx_word' id='word_1_412' title='bbox 1161 3763 1540 3833; x_wconf 80' lang='grc' dir='ltr'>φανταστικοῦ</span> <span class='ocrx_word' id='word_1_413' title='bbox 1605 3763 1919 3833; x_wconf 80' lang='grc' dir='ltr'><strong>πνεύματος</strong></span> 
     </span>
    </p>
   </div>
   <div class='ocr_carea' id='block_1_55' title="bbox 337 3851 1917 3930">
    <p class='ocr_par' dir='ltr' id='par_1_55' title="bbox 337 3851 1917 3930">
     <span class='ocr_line' id='line_1_55' title="bbox 337 3851 1917 3930; baseline 0.006 -30"><span class='ocrx_word' id='word_1_414' title='bbox 337 3851 436 3918; x_wconf 80' lang='grc' dir='ltr'><strong>τῆς</strong></span> <span class='ocrx_word' id='word_1_415' title='bbox 459 3851 638 3922; x_wconf 79' lang='grc' dir='ltr'>ψυχῆς</span> <span class='ocrx_word' id='word_1_416' title='bbox 672 3856 986 3924; x_wconf 40' lang='grc' dir='ltr'><strong>τηνικαῦτα,</strong></span> <span class='ocrx_word' id='word_1_417' title='bbox 1029 3858 1424 3930; x_wconf 80' lang='grc' dir='ltr'><strong>καθαρωτέρου</strong></span> <span class='ocrx_word' id='word_1_418' title='bbox 1480 3858 1917 3927; x_wconf 83' lang='grc' dir='ltr'><strong>καθισταμένου,</strong></span> 
     </span>
    </p>
   </div>
   <div class='ocr_carea' id='block_1_56' title="bbox 336 3944 1924 4020">
    <p class='ocr_par' dir='ltr' id='par_1_56' title="bbox 336 3944 1924 4020">
     <span class='ocr_line' id='line_1_56' title="bbox 336 3944 1924 4020; baseline 0.005 -26"><span class='ocrx_word' id='word_1_419' title='bbox 336 3944 426 3995; x_wconf 73' lang='grc' dir='ltr'>διὰ</span> <span class='ocrx_word' id='word_1_420' title='bbox 456 3946 517 3996; x_wconf 88' lang='grc' dir='ltr'><strong>τὸ</strong></span> <span class='ocrx_word' id='word_1_421' title='bbox 556 3946 911 4018; x_wconf 80' lang='grc' dir='ltr'><strong>ἀπηλλάχθαι</strong></span> <span class='ocrx_word' id='word_1_422' title='bbox 933 3966 1050 4013; x_wconf 89' lang='grc' dir='ltr'><strong>πως</strong></span> <span class='ocrx_word' id='word_1_423' title='bbox 1079 3951 1189 4004; x_wconf 81' lang='grc' dir='ltr'><strong>τῶν</strong></span> <span class='ocrx_word' id='word_1_424' title='bbox 1228 3953 1562 4020; x_wconf 75' lang='grc' dir='ltr'><strong>σωματικῶν</strong></span> <span class='ocrx_word' id='word_1_425' title='bbox 1592 3967 1651 4003; x_wconf 86' lang='grc' dir='ltr'><strong>τε</strong></span> <span class='ocrx_word' id='word_1_426' title='bbox 1675 3951 1772 4004; x_wconf 77' lang='grc' dir='ltr'><strong>καὶ</strong></span> <span class='ocrx_word' id='word_1_427' title='bbox 1809 3949 1924 4002; x_wconf 79' lang='grc' dir='ltr'><strong>ὑλι-</strong></span> 
     </span>
    </p>
   </div>
   <div class='ocr_carea' id='block_1_57' title="bbox 336 4035 1924 4111">
    <p class='ocr_par' dir='ltr' id='par_1_57' title="bbox 336 4035 1924 4111">
     <span class='ocr_line' id='line_1_57' title="bbox 336 4035 1924 4111; baseline 0.008 -25"><span class='ocrx_word' id='word_1_428' title='bbox 336 4038 447 4088; x_wconf 84' lang='grc' dir='ltr'><strong>κῶν</strong></span> <span class='ocrx_word' id='word_1_429' title='bbox 475 4035 1214 4111; x_wconf 46' lang='grc' dir='ltr'><strong>Οορύϐωνγαίνιγματωδῶς</strong></span> <span class='ocrx_word' id='word_1_430' title='bbox 1262 4061 1380 4106; x_wconf 86' lang='grc' dir='ltr'><strong>πως</strong></span> <span class='ocrx_word' id='word_1_431' title='bbox 1429 4044 1526 4098; x_wconf 77' lang='grc' dir='ltr'><strong>καὶ</strong></span> <span class='ocrx_word' id='word_1_432' title='bbox 1571 4044 1772 4105; x_wconf 80' lang='grc' dir='ltr'><strong>ταῦτα,</strong></span> <span class='ocrx_word' id='word_1_433' title='bbox 1827 4044 1924 4098; x_wconf 76' lang='grc' dir='ltr'>καὶ</span> 
     </span>
    </p>
   </div>
   <div class='ocr_carea' id='block_1_58' title="bbox 333 4127 1919 4203">
    <p class='ocr_par' dir='ltr' id='par_1_58' title="bbox 333 4127 1919 4203">
     <span class='ocr_line' id='line_1_58' title="bbox 333 4127 1919 4203; baseline 0.004 -24"><span class='ocrx_word' id='word_1_434' title='bbox 333 4127 527 4198; x_wconf 78' lang='grc' dir='ltr'><strong>ὥσπερ</strong></span> <span class='ocrx_word' id='word_1_435' title='bbox 551 4128 655 4182; x_wconf 76' lang='grc' dir='ltr'><strong>ὑπὸ</strong></span> <span class='ocrx_word' id='word_1_436' title='bbox 688 4133 1155 4203; x_wconf 72' lang='grc' dir='ltr'><strong>παραπετάσματι</strong></span> <span class='ocrx_word' id='word_1_437' title='bbox 1183 4129 1419 4189; x_wconf 74' lang='grc' dir='ltr'><strong>δίδονται</strong></span> <span class='ocrx_word' id='word_1_438' title='bbox 1449 4136 1562 4197; x_wconf 87' lang='grc' dir='ltr'><strong>τοῖς</strong></span> <span class='ocrx_word' id='word_1_439' title='bbox 1583 4133 1919 4203; x_wconf 74' lang='grc' dir='ltr'><strong>ἀνθρώποις.</strong></span> 
     </span>
    </p>
   </div>
   <div class='ocr_carea' id='block_1_59' title="bbox 1941 4284 2015 4296">
    <p class='ocr_par' dir='ltr' id='par_1_59' title="bbox 1941 4284 2015 4296">
     <span class='ocr_line' id='line_1_59' title="bbox 1941 4284 2015 4296; baseline -0.014 -3"><span class='ocrx_word' id='word_1_440' title='bbox 1941 4284 2015 4296; x_wconf 65' lang='grc' dir='ltr'><strong>σ-</strong></span> 
     </span>
    </p>
   </div>
   <div class='ocr_carea' id='block_1_60' title="bbox 2029 3105 3619 3184">
    <p class='ocr_par' dir='ltr' id='par_1_60' title="bbox 2029 3105 3619 3184">
     <span class='ocr_line' id='line_1_60' title="bbox 2029 3105 3619 3184; baseline -0.001 -18"><span class='ocrx_word' id='word_1_441' title='bbox 2029 3115 2120 3167; x_wconf 64' lang='grc' dir='ltr'><strong>Διὸ</strong></span> <span class='ocrx_word' id='word_1_442' title='bbox 2158 3113 2320 3181; x_wconf 74' lang='grc' dir='ltr'><strong>σοφὸν</strong></span> <span class='ocrx_word' id='word_1_443' title='bbox 2356 3112 2539 3165; x_wconf 75' lang='grc' dir='ltr'><strong>αὐτῶν</strong></span> <span class='ocrx_word' id='word_1_444' title='bbox 2572 3130 2704 3182; x_wconf 79' lang='grc' dir='ltr'><strong>φησι</strong></span> <span class='ocrx_word' id='word_1_445' title='bbox 2763 3114 2858 3166; x_wconf 71' lang='grc' dir='ltr'><strong>καὶ</strong></span> <span class='ocrx_word' id='word_1_446' title='bbox 2899 3115 2960 3167; x_wconf 81' lang='grc' dir='ltr'><strong>τὸ</strong></span> <span class='ocrx_word' id='word_1_447' title='bbox 3000 3113 3076 3184; x_wconf 77' lang='grc' dir='ltr'><strong>μὴ</strong></span> <span class='ocrx_word' id='word_1_448' title='bbox 3132 3114 3339 3183; x_wconf 68' lang='grc' dir='ltr'><strong>σαφές·</strong></span> <span class='ocrx_word' id='word_1_449' title='bbox 3407 3105 3619 3181; x_wconf 65' lang='grc' dir='ltr'><strong>βεϐαιῗοῑ</strong></span> 
     </span>
    </p>
   </div>
   <div class='ocr_carea' id='block_1_61' title="bbox 2027 3204 3618 3272">
    <p class='ocr_par' dir='ltr' id='par_1_61' title="bbox 2027 3204 3618 3272">
     <span class='ocr_line' id='line_1_61' title="bbox 2027 3204 3618 3272; baseline -0.002 -12"><span class='ocrx_word' id='word_1_450' title='bbox 2027 3207 2084 3260; x_wconf 80' lang='grc' dir='ltr'>δὲ</span> <span class='ocrx_word' id='word_1_451' title='bbox 2108 3207 2270 3260; x_wconf 83' lang='grc' dir='ltr'><strong>τοῦτο</strong></span> <span class='ocrx_word' id='word_1_452' title='bbox 2303 3207 2398 3259; x_wconf 69' lang='grc' dir='ltr'><strong>καὶ</strong></span> <span class='ocrx_word' id='word_1_453' title='bbox 2440 3207 2530 3260; x_wconf 77' lang='grc' dir='ltr'>διὰ</span> <span class='ocrx_word' id='word_1_454' title='bbox 2558 3209 2669 3260; x_wconf 85' lang='grc' dir='ltr'><strong>τῶν</strong></span> <span class='ocrx_word' id='word_1_455' title='bbox 2699 3207 2792 3260; x_wconf 81' lang='grc' dir='ltr'><strong>τοῦ</strong></span> <span class='ocrx_word' id='word_1_456' title='bbox 2873 3206 3128 3260; x_wconf 82' lang='grc' dir='ltr'><strong>Ἡσιόδου</strong></span> <span class='ocrx_word' id='word_1_457' title='bbox 3187 3204 3358 3258; x_wconf 82' lang='grc' dir='ltr'><strong>ἐπῶν.</strong></span> <span class='ocrx_word' id='word_1_458' title='bbox 3398 3204 3618 3272; x_wconf 80' lang='grc' dir='ltr'><strong>Ἔκρυ-</strong></span> 
     </span>
    </p>
   </div>
   <div class='ocr_carea' id='block_1_62' title="bbox 2027 3296 3620 3370">
    <p class='ocr_par' dir='ltr' id='par_1_62' title="bbox 2027 3296 3620 3370">
     <span class='ocr_line' id='line_1_62' title="bbox 2027 3296 3620 3370; baseline -0.002 -18"><span class='ocrx_word' id='word_1_459' title='bbox 2027 3302 2157 3367; x_wconf 51' lang='lat' dir='ltr'><strong>altar</strong></span> <span class='ocrx_word' id='word_1_460' title='bbox 2220 3298 2356 3368; x_wconf 63' lang='grc' dir='ltr'><strong>γὰρ,</strong></span> <span class='ocrx_word' id='word_1_461' title='bbox 2418 3300 2607 3370; x_wconf 70' lang='grc' dir='ltr'><strong>φησιν,</strong></span> <span class='ocrx_word' id='word_1_462' title='bbox 2669 3303 2725 3353; x_wconf 80' lang='grc' dir='ltr'><strong>οἱ</strong></span> <span class='ocrx_word' id='word_1_463' title='bbox 2772 3299 2895 3355; x_wconf 79' lang='grc' dir='ltr'><strong>θεοὶ</strong></span> <span class='ocrx_word' id='word_1_464' title='bbox 2938 3299 3064 3364; x_wconf 83' lang='grc' dir='ltr'><strong>τοῖς</strong></span> <span class='ocrx_word' id='word_1_465' title='bbox 3116 3297 3462 3367; x_wconf 78' lang='grc' dir='ltr'><strong>ἀνθρώποις</strong></span> <span class='ocrx_word' id='word_1_466' title='bbox 3513 3296 3620 3358; x_wconf 68' lang='grc' dir='ltr'><strong>τὸν</strong></span> 
     </span>
    </p>
   </div>
   <div class='ocr_carea' id='block_1_63' title="bbox 2029 3388 3618 3458">
    <p class='ocr_par' dir='ltr' id='par_1_63' title="bbox 2029 3388 3618 3458">
     <span class='ocr_line' id='line_1_63' title="bbox 2029 3388 3618 3458; baseline -0.001 -15"><span class='ocrx_word' id='word_1_467' title='bbox 2029 3390 2268 3444; x_wconf 79' lang='grc' dir='ltr'>ἄπονον</span> <span class='ocrx_word' id='word_1_468' title='bbox 2300 3391 2470 3457; x_wconf 77' lang='grc' dir='ltr'><strong>βίον,</strong></span> <span class='ocrx_word' id='word_1_469' title='bbox 2529 3391 2628 3445; x_wconf 73' lang='grc' dir='ltr'><strong>καί</strong></span> <span class='ocrx_word' id='word_1_470' title='bbox 2685 3392 2933 3445; x_wconf 81' lang='grc' dir='ltr'><strong>πάντων</strong></span> <span class='ocrx_word' id='word_1_471' title='bbox 2974 3390 3184 3445; x_wconf 71' lang='grc' dir='ltr'><em>καλῶν</em></span> <span class='ocrx_word' id='word_1_472' title='bbox 3230 3389 3310 3458; x_wconf 53' lang='grc' dir='ltr'><strong>ὶδι</strong></span> <span class='ocrx_word' id='word_1_473' title='bbox 3329 3389 3451 3444; x_wconf 85' lang='grc' dir='ltr'><strong>ὦτα</strong></span> <span class='ocrx_word' id='word_1_474' title='bbox 3494 3388 3618 3444; x_wconf 78' lang='grc' dir='ltr'><strong>θεοὶ</strong></span> 
     </span>
    </p>
   </div>
   <div class='ocr_carea' id='block_1_64' title="bbox 2030 3482 3620 3554">
    <p class='ocr_par' dir='ltr' id='par_1_64' title="bbox 2030 3482 3620 3554">
     <span class='ocr_line' id='line_1_64' title="bbox 2030 3482 3620 3554; baseline -0.002 -17"><span class='ocrx_word' id='word_1_475' title='bbox 2030 3483 2442 3553; x_wconf 77' lang='grc' dir='ltr'><strong>προπάροιθεν</strong></span> <span class='ocrx_word' id='word_1_476' title='bbox 2467 3487 2714 3552; x_wconf 79' lang='grc' dir='ltr'><strong>ἔθηκαν.</strong></span> <span class='ocrx_word' id='word_1_477' title='bbox 2752 3486 2824 3539; x_wconf 77' lang='grc' dir='ltr'>Τὸ</span> <span class='ocrx_word' id='word_1_478' title='bbox 2845 3486 2902 3538; x_wconf 79' lang='grc' dir='ltr'>δὲ</span> <span class='ocrx_word' id='word_1_479' title='bbox 2933 3485 3152 3545; x_wconf 80' lang='grc' dir='ltr'><strong>ἀπόνως</strong></span> <span class='ocrx_word' id='word_1_480' title='bbox 3187 3487 3484 3554; x_wconf 74' lang='grc' dir='ltr'><strong>τυγχάνειν</strong></span> <span class='ocrx_word' id='word_1_481' title='bbox 3508 3482 3620 3535; x_wconf 83' lang='grc' dir='ltr'><strong>τῶν</strong></span> 
     </span>
    </p>
   </div>
   <div class='ocr_carea' id='block_1_65' title="bbox 2029 3572 3622 3647">
    <p class='ocr_par' dir='ltr' id='par_1_65' title="bbox 2029 3572 3622 3647">
     <span class='ocr_line' id='line_1_65' title="bbox 2029 3572 3622 3647; baseline -0.003 -17"><span class='ocrx_word' id='word_1_482' title='bbox 2029 3575 2255 3644; x_wconf 74' lang='grc' dir='ltr'><strong>ἀγαθῶν</strong></span> <span class='ocrx_word' id='word_1_483' title='bbox 2285 3576 2458 3646; x_wconf 87' lang='grc' dir='ltr'><strong>δῶρον</strong></span> <span class='ocrx_word' id='word_1_484' title='bbox 2497 3573 2639 3630; x_wconf 77' lang='grc' dir='ltr'><strong>εἷναί</strong></span> <span class='ocrx_word' id='word_1_485' title='bbox 2683 3593 2820 3647; x_wconf 76' lang='grc' dir='ltr'><strong>φησι</strong></span> <span class='ocrx_word' id='word_1_486' title='bbox 2865 3577 3034 3629; x_wconf 80' lang='grc' dir='ltr'><strong>Θετον.</strong></span> <span class='ocrx_word' id='word_1_487' title='bbox 3076 3575 3331 3628; x_wconf 88' lang='grc' dir='ltr'><strong>Δίδοσθαι</strong></span> <span class='ocrx_word' id='word_1_488' title='bbox 3369 3575 3428 3626; x_wconf 78' lang='grc' dir='ltr'>δὲ</span> <span class='ocrx_word' id='word_1_489' title='bbox 3455 3572 3622 3626; x_wconf 79' lang='grc' dir='ltr'><strong>τοῦτο</strong></span> 
     </span>
    </p>
   </div>
   <div class='ocr_carea' id='block_1_66' title="bbox 2031 3659 3620 3739">
    <p class='ocr_par' dir='ltr' id='par_1_66' title="bbox 2031 3659 3620 3739">
     <span class='ocr_line' id='line_1_66' title="bbox 2031 3659 3620 3739; baseline -0.002 -18"><span class='ocrx_word' id='word_1_490' title='bbox 2031 3668 2108 3739; x_wconf 82' lang='grc' dir='ltr'><strong>μὴ</strong></span> <span class='ocrx_word' id='word_1_491' title='bbox 2148 3668 2290 3721; x_wconf 83' lang='grc' dir='ltr'><strong>πάνυ</strong></span> <span class='ocrx_word' id='word_1_492' title='bbox 2322 3668 2539 3731; x_wconf 77' lang='grc' dir='ltr'><strong>πολλοῖς</strong></span> <span class='ocrx_word' id='word_1_493' title='bbox 2558 3687 2724 3731; x_wconf 84' lang='grc' dir='ltr'><strong>τισιν,</strong></span> <span class='ocrx_word' id='word_1_494' title='bbox 2760 3672 2842 3722; x_wconf 78' lang='grc' dir='ltr'><strong>ὅτι</strong></span> <span class='ocrx_word' id='word_1_495' title='bbox 2874 3667 2950 3739; x_wconf 81' lang='grc' dir='ltr'><strong>μὴ</strong></span> <span class='ocrx_word' id='word_1_496' title='bbox 2987 3667 3194 3737; x_wconf 81' lang='grc' dir='ltr'>σφόδρα</span> <span class='ocrx_word' id='word_1_497' title='bbox 3240 3667 3446 3735; x_wconf 84' lang='grc' dir='ltr'><strong>ὀλίγοις</strong></span> <span class='ocrx_word' id='word_1_498' title='bbox 3468 3682 3483 3697; x_wconf 90' lang='grc'><strong>·</strong></span> <span class='ocrx_word' id='word_1_499' title='bbox 3507 3659 3620 3718; x_wconf 77' lang='grc' dir='ltr'><strong>οἷον</strong></span> 
     </span>
    </p>
   </div>
   <div class='ocr_carea' id='block_1_67' title="bbox 2025 3758 3687 3831">
    <p class='ocr_par' dir='ltr' id='par_1_67' title="bbox 2025 3758 3687 3831">
     <span class='ocr_line' id='line_1_67' title="bbox 2025 3758 3687 3831; baseline -0.002 -18"><span class='ocrx_word' id='word_1_500' title='bbox 2025 3761 2194 3830; x_wconf 82' lang='grc' dir='ltr'>σοφία</span> <span class='ocrx_word' id='word_1_501' title='bbox 2235 3762 2334 3831; x_wconf 79' lang='grc' dir='ltr'><strong>μὲν</strong></span> <span class='ocrx_word' id='word_1_502' title='bbox 2358 3761 2541 3814; x_wconf 85' lang='grc' dir='ltr'><strong>πόνων</strong></span> <span class='ocrx_word' id='word_1_503' title='bbox 2572 3762 2740 3830; x_wconf 58' lang='grc' dir='ltr'><strong>χωρὶς</strong></span> <span class='ocrx_word' id='word_1_504' title='bbox 2764 3760 3078 3831; x_wconf 76' lang='grc' dir='ltr'><strong>ἑδρασεύθη</strong></span> <span class='ocrx_word' id='word_1_505' title='bbox 3137 3761 3218 3830; x_wconf 85' lang='grc' dir='ltr'><strong>τῷ</strong></span> <span class='ocrx_word' id='word_1_506' title='bbox 3271 3758 3616 3828; x_wconf 75' lang='grc' dir='ltr'><strong>Σολομῶντιο</strong></span> <span class='ocrx_word' id='word_1_507' title='bbox 3681 3824 3687 3828; x_wconf 85' lang='lat'><strong><em>_</em></strong></span> 
     </span>
    </p>
   </div>
   <div class='ocr_carea' id='block_1_68' title="bbox 2024 3851 3618 3922">
    <p class='ocr_par' dir='ltr' id='par_1_68' title="bbox 2024 3851 3618 3922">
     <span class='ocr_line' id='line_1_68' title="bbox 2024 3851 3618 3922; baseline -0.002 -17"><span class='ocrx_word' id='word_1_508' title='bbox 2024 3851 2269 3922; x_wconf 78' lang='grc' dir='ltr'><strong>Σαμψὼν</strong></span> <span class='ocrx_word' id='word_1_509' title='bbox 2297 3853 2355 3906; x_wconf 70' lang='grc' dir='ltr'>δὲ</span> <span class='ocrx_word' id='word_1_510' title='bbox 2383 3854 2417 3922; x_wconf 80' lang='grc' dir='ltr'><strong>ὴ</strong></span> <span class='ocrx_word' id='word_1_511' title='bbox 2445 3853 2538 3905; x_wconf 80' lang='grc' dir='ltr'><strong>τοῦ</strong></span> <span class='ocrx_word' id='word_1_512' title='bbox 2585 3852 2843 3921; x_wconf 75' lang='grc' dir='ltr'><strong>σώματος</strong></span> <span class='ocrx_word' id='word_1_513' title='bbox 2886 3853 3301 3922; x_wconf 79' lang='grc' dir='ltr'><strong>ἀνυπέρδλητος</strong></span> <span class='ocrx_word' id='word_1_514' title='bbox 3358 3852 3516 3922; x_wconf 73' lang='grc' dir='ltr'><strong>ἰσχύς</strong></span> <span class='ocrx_word' id='word_1_515' title='bbox 3556 3866 3618 3903; x_wconf 84' lang='grc' dir='ltr'><strong>τε</strong></span> 
     </span>
    </p>
   </div>
   <div class='ocr_carea' id='block_1_69' title="bbox 2024 3935 3621 4016">
    <p class='ocr_par' dir='ltr' id='par_1_69' title="bbox 2024 3935 3621 4016">
     <span class='ocr_line' id='line_1_69' title="bbox 2024 3935 3621 4016; baseline -0.001 -18"><span class='ocrx_word' id='word_1_516' title='bbox 2024 3946 2119 3999; x_wconf 71' lang='grc' dir='ltr'><strong>καὶ</strong></span> <span class='ocrx_word' id='word_1_517' title='bbox 2151 3943 2312 4016; x_wconf 75' lang='grc' dir='ltr'><strong>ῥώμη</strong></span> <span class='ocrx_word' id='word_1_518' title='bbox 2336 3963 2347 3975; x_wconf 94' lang='grc'><strong>·</strong></span> <span class='ocrx_word' id='word_1_519' title='bbox 2379 3947 2475 4000; x_wconf 78' lang='grc' dir='ltr'><strong>καὶ</strong></span> <span class='ocrx_word' id='word_1_520' title='bbox 2504 3942 2597 4011; x_wconf 80' lang='grc' dir='ltr'><strong>αὖ,</strong></span> <span class='ocrx_word' id='word_1_521' title='bbox 2625 3948 2702 4009; x_wconf 85' lang='grc' dir='ltr'><strong>ὡς</strong></span> <span class='ocrx_word' id='word_1_522' title='bbox 2733 3947 2995 4016; x_wconf 79' lang='grc' dir='ltr'><strong>Ἕλληνες</strong></span> <span class='ocrx_word' id='word_1_523' title='bbox 3027 3935 3279 4000; x_wconf 72' lang='grc' dir='ltr'><strong>πείθοοσι</strong></span> <span class='ocrx_word' id='word_1_524' title='bbox 3318 3945 3494 4013; x_wconf 85' lang='grc' dir='ltr'><strong>λόγοι,</strong></span> <span class='ocrx_word' id='word_1_525' title='bbox 3532 3960 3621 3996; x_wconf 87' lang='grc' dir='ltr'><strong>σο-</strong></span> 
     </span>
    </p>
   </div>
   <div class='ocr_carea' id='block_1_70' title="bbox 2026 4033 3620 4112">
    <p class='ocr_par' dir='ltr' id='par_1_70' title="bbox 2026 4033 3620 4112">
     <span class='ocr_line' id='line_1_70' title="bbox 2026 4033 3620 4112; baseline -0.001 -21"><span class='ocrx_word' id='word_1_526' title='bbox 2026 4038 2121 4106; x_wconf 80' lang='grc' dir='ltr'><strong>φία</strong></span> <span class='ocrx_word' id='word_1_527' title='bbox 2148 4054 2233 4102; x_wconf 89' lang='grc' dir='ltr'><strong>τις</strong></span> <span class='ocrx_word' id='word_1_528' title='bbox 2263 4037 2325 4091; x_wconf 85' lang='grc' dir='ltr'><strong>οὐ</strong></span> <span class='ocrx_word' id='word_1_529' title='bbox 2382 4039 2524 4093; x_wconf 83' lang='grc' dir='ltr'><strong>πάνυ</strong></span> <span class='ocrx_word' id='word_1_530' title='bbox 2565 4055 2649 4091; x_wconf 88' lang='grc' dir='ltr'><strong>τοι</strong></span> <span class='ocrx_word' id='word_1_531' title='bbox 2697 4039 2934 4110; x_wconf 81' lang='grc' dir='ltr'><strong>ἀγεννὴς</strong></span> <span class='ocrx_word' id='word_1_532' title='bbox 2982 4034 3088 4112; x_wconf 76' lang='grc' dir='ltr'><strong>ἧκε</strong></span> <span class='ocrx_word' id='word_1_533' title='bbox 3134 4039 3288 4108; x_wconf 72' lang='grc' dir='ltr'><strong>παρὰ</strong></span> <span class='ocrx_word' id='word_1_534' title='bbox 3347 4033 3448 4107; x_wconf 77' lang='grc' dir='ltr'><strong>τῆς</strong></span> <span class='ocrx_word' id='word_1_535' title='bbox 3504 4036 3620 4091; x_wconf 74' lang='grc' dir='ltr'><strong>ἄνω</strong></span> 
     </span>
    </p>
   </div>
   <div class='ocr_carea' id='block_1_71' title="bbox 2027 4128 3620 4204">
    <p class='ocr_par' dir='ltr' id='par_1_71' title="bbox 2027 4128 3620 4204">
     <span class='ocr_line' id='line_1_71' title="bbox 2027 4128 3620 4204; baseline -0.001 -21"><span class='ocrx_word' id='word_1_536' title='bbox 2027 4132 2294 4201; x_wconf 71' lang='grc' dir='ltr'><strong>προνοίας</strong></span> <span class='ocrx_word' id='word_1_537' title='bbox 2335 4133 2430 4185; x_wconf 67' lang='grc' dir='ltr'><strong>καὶ</strong></span> <span class='ocrx_word' id='word_1_538' title='bbox 2461 4131 2701 4202; x_wconf 85' lang='grc' dir='ltr'>Λίσὼπῳ</span> <span class='ocrx_word' id='word_1_539' title='bbox 2726 4132 2803 4203; x_wconf 78' lang='grc' dir='ltr'><strong>τῷ</strong></span> <span class='ocrx_word' id='word_1_540' title='bbox 2838 4133 3042 4203; x_wconf 77' lang='grc' dir='ltr'><strong>Φρυγὶ,</strong></span> <span class='ocrx_word' id='word_1_541' title='bbox 3073 4134 3170 4186; x_wconf 82' lang='grc' dir='ltr'><strong>καὶ</strong></span> <span class='ocrx_word' id='word_1_542' title='bbox 3202 4133 3311 4204; x_wconf 78' lang='grc' dir='ltr'><strong>πρό</strong></span> <span class='ocrx_word' id='word_1_543' title='bbox 3360 4149 3426 4201; x_wconf 87' lang='grc' dir='ltr'><strong>γε</strong></span> <span class='ocrx_word' id='word_1_544' title='bbox 3498 4128 3620 4184; x_wconf 82' lang='grc' dir='ltr'><strong>τού-</strong></span> 
     </span>
    </p>
   </div>
   <div class='ocr_carea' id='block_1_72' title="bbox 1281 4388 2692 4512">
    <p class='ocr_par' dir='ltr' id='par_1_72' title="bbox 1281 4388 2692 4512">
     <span class='ocr_line' id='line_1_72' title="bbox 1281 4388 2692 4512; baseline -0.004 -25"><span class='ocrx_word' id='word_1_545' title='bbox 1281 4388 1763 4487; x_wconf 81' lang='lat' dir='ltr'><strong>INCIPIT</strong></span> <span class='ocrx_word' id='word_1_546' title='bbox 1870 4393 2692 4512; x_wconf 79' lang='lat' dir='ltr'><strong>EXPLANATIO.</strong></span> 
     </span>
    </p>
   </div>
   <div class='ocr_carea' id='block_1_73' title="bbox 409 4564 1922 4639">
    <p class='ocr_par' dir='ltr' id='par_1_73' title="bbox 409 4564 1922 4639">
     <span class='ocr_line' id='line_1_73' title="bbox 409 4564 1922 4639; baseline 0.002 -22"><span class='ocrx_word' id='word_1_547' title='bbox 409 4564 559 4628; x_wconf 80' lang='lat' dir='ltr'><strong>Quod</strong></span> <span class='ocrx_word' id='word_1_548' title='bbox 619 4569 664 4620; x_wconf 78' lang='lat' dir='ltr'><strong>si</strong></span> <span class='ocrx_word' id='word_1_549' title='bbox 727 4570 896 4622; x_wconf 79' lang='lat' dir='ltr'><strong>somni</strong></span> <span class='ocrx_word' id='word_1_550' title='bbox 959 4579 1081 4624; x_wconf 80' lang='lat' dir='ltr'><strong>sunt</strong></span> <span class='ocrx_word' id='word_1_551' title='bbox 1152 4570 1380 4639; x_wconf 76' lang='lat' dir='ltr'><strong>fatidici.</strong></span> <span class='ocrx_word' id='word_1_552' title='bbox 1440 4567 1922 4637; x_wconf 87' lang='lat' dir='ltr'><strong>Quemadmodum</strong></span> 
     </span>
    </p>
   </div>
   <div class='ocr_carea' id='block_1_74' title="bbox 341 4659 1922 4731">
    <p class='ocr_par' dir='ltr' id='par_1_74' title="bbox 341 4659 1922 4731">
     <span class='ocr_line' id='line_1_74' title="bbox 341 4659 1922 4731; baseline 0.006 -27"><span class='ocrx_word' id='word_1_553' title='bbox 341 4670 526 4723; x_wconf 78' lang='lat' dir='ltr'><strong>I&#39;t&#39;gUlll</strong></span> <span class='ocrx_word' id='word_1_554' title='bbox 582 4659 820 4723; x_wconf 83' lang='lat' dir='ltr'><strong>pretiosa</strong></span> <span class='ocrx_word' id='word_1_555' title='bbox 892 4675 1155 4726; x_wconf 89' lang='lat' dir='ltr'><strong>munera,</strong></span> <span class='ocrx_word' id='word_1_556' title='bbox 1212 4675 1334 4729; x_wconf 69' lang='lat' dir='ltr'><strong>quae</strong></span> <span class='ocrx_word' id='word_1_557' title='bbox 1390 4672 1616 4731; x_wconf 86' lang='lat' dir='ltr'><strong>propter</strong></span> <span class='ocrx_word' id='word_1_558' title='bbox 1677 4661 1922 4715; x_wconf 87' lang='lat' dir='ltr'><strong>valerem</strong></span> 
     </span>
    </p>
   </div>
   <div class='ocr_carea' id='block_1_75' title="bbox 342 4746 1926 4819">
    <p class='ocr_par' dir='ltr' id='par_1_75' title="bbox 342 4746 1926 4819">
     <span class='ocr_line' id='line_1_75' title="bbox 342 4746 1926 4819; baseline 0.009 -23"><span class='ocrx_word' id='word_1_559' title='bbox 342 4746 647 4810; x_wconf 77' lang='lat' dir='ltr'><strong>majorcsve</strong></span> <span class='ocrx_word' id='word_1_560' title='bbox 682 4749 911 4804; x_wconf 86' lang='lat' dir='ltr'><strong>delicias</strong></span> <span class='ocrx_word' id='word_1_561' title='bbox 963 4763 1309 4819; x_wconf 88' lang='lat' dir='ltr'><strong>reponuntur</strong></span> <span class='ocrx_word' id='word_1_562' title='bbox 1353 4766 1407 4807; x_wconf 88' lang='lat' dir='ltr'><strong>et</strong></span> <span class='ocrx_word' id='word_1_563' title='bbox 1453 4763 1839 4817; x_wconf 86' lang='lat' dir='ltr'><strong>asservantur,</strong></span> <span class='ocrx_word' id='word_1_564' title='bbox 1869 4763 1926 4810; x_wconf 88' lang='lat' dir='ltr'><strong>et</strong></span> 
     </span>
    </p>
   </div>
   <div class='ocr_carea' id='block_1_76' title="bbox 341 4830 1925 4915">
    <p class='ocr_par' dir='ltr' id='par_1_76' title="bbox 341 4830 1925 4915">
     <span class='ocr_line' id='line_1_76' title="bbox 341 4830 1925 4915; baseline 0.01 -29"><span class='ocrx_word' id='word_1_565' title='bbox 341 4830 680 4904; x_wconf 68' lang='lat' dir='ltr'><strong>quaecunque</strong></span> <span class='ocrx_word' id='word_1_566' title='bbox 710 4839 854 4906; x_wconf 81' lang='lat' dir='ltr'><strong>apud</strong></span> <span class='ocrx_word' id='word_1_567' title='bbox 885 4839 1138 4896; x_wconf 88' lang='lat' dir='ltr'><strong>homines</strong></span> <span class='ocrx_word' id='word_1_568' title='bbox 1167 4857 1341 4904; x_wconf 84' lang='lat' dir='ltr'><strong>sacra.</strong></span> <span class='ocrx_word' id='word_1_569' title='bbox 1362 4854 1599 4914; x_wconf 83' lang='lat' dir='ltr'><strong>augusta</strong></span> <span class='ocrx_word' id='word_1_570' title='bbox 1629 4855 1684 4900; x_wconf 89' lang='lat' dir='ltr'><strong>et</strong></span> <span class='ocrx_word' id='word_1_571' title='bbox 1715 4846 1925 4915; x_wconf 86' lang='lat' dir='ltr'><strong>magni-</strong></span> 
     </span>
    </p>
   </div>
   <div class='ocr_carea' id='block_1_77' title="bbox 345 4915 1925 5001">
    <p class='ocr_par' dir='ltr' id='par_1_77' title="bbox 345 4915 1925 5001">
     <span class='ocr_line' id='line_1_77' title="bbox 345 4915 1925 5001; baseline 0.01 -25"><span class='ocrx_word' id='word_1_572' title='bbox 345 4925 593 4980; x_wconf 80' lang='lat' dir='ltr'><strong>iacienda</strong></span> <span class='ocrx_word' id='word_1_573' title='bbox 653 4939 804 4992; x_wconf 86' lang='lat' dir='ltr'><strong>sunt,</strong></span> <span class='ocrx_word' id='word_1_574' title='bbox 857 4931 962 4985; x_wconf 92' lang='lat' dir='ltr'><strong>sub</strong></span> <span class='ocrx_word' id='word_1_575' title='bbox 1018 4915 1242 5001; x_wconf 47' lang='lat' dir='ltr'><strong>tapetis&#39;</strong></span> <span class='ocrx_word' id='word_1_576' title='bbox 1278 4942 1331 4988; x_wconf 88' lang='lat' dir='ltr'><strong>et</strong></span> <span class='ocrx_word' id='word_1_577' title='bbox 1393 4935 1582 4990; x_wconf 77' lang='lat' dir='ltr'><strong>aulaeis</strong></span> <span class='ocrx_word' id='word_1_578' title='bbox 1637 4937 1744 4991; x_wconf 88' lang='lat' dir='ltr'><strong>alia</strong></span> <span class='ocrx_word' id='word_1_579' title='bbox 1799 4936 1925 4994; x_wconf 91' lang='lat' dir='ltr'><strong>aliis</strong></span> 
     </span>
    </p>
   </div>
   <div class='ocr_carea' id='block_1_78' title="bbox 2025 4565 3620 4637">
    <p class='ocr_par' dir='ltr' id='par_1_78' title="bbox 2025 4565 3620 4637">
     <span class='ocr_line' id='line_1_78' title="bbox 2025 4565 3620 4637; baseline 0.002 -18"><span class='ocrx_word' id='word_1_580' title='bbox 2025 4565 2264 4621; x_wconf 88' lang='lat' dir='ltr'><strong>obscure</strong></span> <span class='ocrx_word' id='word_1_581' title='bbox 2308 4566 2548 4635; x_wconf 86' lang='lat' dir='ltr'><strong>quadam</strong></span> <span class='ocrx_word' id='word_1_582' title='bbox 2583 4565 2798 4622; x_wconf 76' lang='lat' dir='ltr'><strong>ratione</strong></span> <span class='ocrx_word' id='word_1_583' title='bbox 2833 4565 3005 4621; x_wconf 87' lang='lat' dir='ltr'><strong>etiam</strong></span> <span class='ocrx_word' id='word_1_584' title='bbox 3037 4565 3164 4633; x_wconf 87' lang='lat' dir='ltr'><strong>ista,</strong></span> <span class='ocrx_word' id='word_1_585' title='bbox 3219 4576 3482 4637; x_wconf 86' lang='lat' dir='ltr'><strong>tanquam</strong></span> <span class='ocrx_word' id='word_1_586' title='bbox 3515 4566 3620 4622; x_wconf 86' lang='lat' dir='ltr'><strong>sub</strong></span> 
     </span>
    </p>
   </div>
   <div class='ocr_carea' id='block_1_79' title="bbox 2028 4658 3622 4729">
    <p class='ocr_par' dir='ltr' id='par_1_79' title="bbox 2028 4658 3622 4729">
     <span class='ocr_line' id='line_1_79' title="bbox 2028 4658 3622 4729; baseline 0.001 -18"><span class='ocrx_word' id='word_1_587' title='bbox 2028 4658 2186 4719; x_wconf 85' lang='lat' dir='ltr'><strong>velis,</strong></span> <span class='ocrx_word' id='word_1_588' title='bbox 2215 4659 2532 4714; x_wconf 89' lang='lat' dir='ltr'><strong>hominibus</strong></span> <span class='ocrx_word' id='word_1_589' title='bbox 2555 4659 2960 4715; x_wconf 84' lang='lat' dir='ltr'><strong>conceduntur.</strong></span> <span class='ocrx_word' id='word_1_590' title='bbox 2989 4658 3123 4714; x_wconf 86' lang='lat' dir='ltr'><strong>Eam</strong></span> <span class='ocrx_word' id='word_1_591' title='bbox 3150 4662 3222 4717; x_wconf 89' lang='lat' dir='ltr'><strong>ob</strong></span> <span class='ocrx_word' id='word_1_592' title='bbox 3246 4675 3361 4716; x_wconf 91' lang='lat' dir='ltr'><strong>rem</strong></span> <span class='ocrx_word' id='word_1_593' title='bbox 3397 4661 3622 4729; x_wconf 84' lang='lat' dir='ltr'><strong>sapiens</strong></span> 
     </span>
    </p>
   </div>
   <div class='ocr_carea' id='block_1_80' title="bbox 2025 4750 3618 4823">
    <p class='ocr_par' dir='ltr' id='par_1_80' title="bbox 2025 4750 3618 4823">
     <span class='ocr_line' id='line_1_80' title="bbox 2025 4750 3618 4823; baseline 0.001 -18"><span class='ocrx_word' id='word_1_594' title='bbox 2025 4759 2082 4805; x_wconf 85' lang='lat' dir='ltr'><strong>et</strong></span> <span class='ocrx_word' id='word_1_595' title='bbox 2110 4750 2447 4806; x_wconf 88' lang='lat' dir='ltr'><strong>industrium</strong></span> <span class='ocrx_word' id='word_1_596' title='bbox 2478 4761 2565 4807; x_wconf 85' lang='lat' dir='ltr'><strong>est</strong></span> <span class='ocrx_word' id='word_1_597' title='bbox 2599 4751 2652 4807; x_wconf 92' lang='lat' dir='ltr'><strong>in</strong></span> <span class='ocrx_word' id='word_1_598' title='bbox 2686 4752 2822 4822; x_wconf 87' lang='lat' dir='ltr'><strong>ipsis</strong></span> <span class='ocrx_word' id='word_1_599' title='bbox 2854 4751 2939 4822; x_wconf 93' lang='lat' dir='ltr'><strong>(ut</strong></span> <span class='ocrx_word' id='word_1_600' title='bbox 2967 4752 3147 4823; x_wconf 90' lang='lat' dir='ltr'><strong>aiunt)</strong></span> <span class='ocrx_word' id='word_1_601' title='bbox 3179 4755 3347 4808; x_wconf 88' lang='lat' dir='ltr'><strong>etiam</strong></span> <span class='ocrx_word' id='word_1_602' title='bbox 3380 4753 3430 4807; x_wconf 86' lang='lat' dir='ltr'><strong>id</strong></span> <span class='ocrx_word' id='word_1_603' title='bbox 3469 4753 3618 4822; x_wconf 88' lang='lat' dir='ltr'><strong>quod</strong></span> 
     </span>
    </p>
   </div>
   <div class='ocr_carea' id='block_1_81' title="bbox 2028 4844 3620 4915">
    <p class='ocr_par' dir='ltr' id='par_1_81' title="bbox 2028 4844 3620 4915">
     <span class='ocr_line' id='line_1_81' title="bbox 2028 4844 3620 4915; baseline 0.003 -19"><span class='ocrx_word' id='word_1_604' title='bbox 2028 4857 2140 4898; x_wconf 90' lang='lat' dir='ltr'><strong>non</strong></span> <span class='ocrx_word' id='word_1_605' title='bbox 2193 4854 2443 4912; x_wconf 83' lang='lat' dir='ltr'><strong>apertum</strong></span> <span class='ocrx_word' id='word_1_606' title='bbox 2499 4856 2607 4900; x_wconf 89' lang='lat' dir='ltr'><strong>est.</strong></span> <span class='ocrx_word' id='word_1_607' title='bbox 2662 4845 2814 4900; x_wconf 91' lang='lat' dir='ltr'><strong>Istud</strong></span> <span class='ocrx_word' id='word_1_608' title='bbox 2886 4860 3056 4915; x_wconf 91' lang='lat' dir='ltr'><strong>porro</strong></span> <span class='ocrx_word' id='word_1_609' title='bbox 3120 4846 3376 4901; x_wconf 83' lang='lat' dir='ltr'><strong>versibus</strong></span> <span class='ocrx_word' id='word_1_610' title='bbox 3430 4844 3620 4902; x_wconf 84' lang='lat' dir='ltr'><strong>Hesio-</strong></span> 
     </span>
    </p>
   </div>
   <div class='ocr_carea' id='block_1_82' title="bbox 2029 4933 3622 5009">
    <p class='ocr_par' dir='ltr' id='par_1_82' title="bbox 2029 4933 3622 5009">
     <span class='ocr_line' id='line_1_82' title="bbox 2029 4933 3622 5009; baseline 0.003 -22"><span class='ocrx_word' id='word_1_611' title='bbox 2029 4933 2082 4987; x_wconf 88' lang='lat' dir='ltr'><strong>di</strong></span> <span class='ocrx_word' id='word_1_612' title='bbox 2124 4935 2506 4989; x_wconf 85' lang='lat' dir='ltr'><strong>conlirmalur.</strong></span> <span class='ocrx_word' id='word_1_613' title='bbox 2572 4937 2926 4992; x_wconf 82' lang='lat' dir='ltr'><strong>Occultarunt</strong></span> <span class='ocrx_word' id='word_1_614' title='bbox 2994 4938 3251 5006; x_wconf 73' lang='lat' dir='ltr'><strong>siquidem</strong></span> <span class='ocrx_word' id='word_1_615' title='bbox 3285 4939 3403 5008; x_wconf 87' lang='lat' dir='ltr'><strong>(ait</strong></span> <span class='ocrx_word' id='word_1_616' title='bbox 3455 4938 3622 5009; x_wconf 79' lang='lat' dir='ltr'><strong>ipse)</strong></span> 
     </span>
    </p>
   </div>
   <div class='ocr_carea' id='block_1_83' title="bbox 345 5025 3624 5100">
    <p class='ocr_par' dir='ltr' id='par_1_83' title="bbox 345 5025 3624 5100">
     <span class='ocr_line' id='line_1_83' title="bbox 345 5025 3624 5100; baseline 0.004 -28"><span class='ocrx_word' id='word_1_617' title='bbox 345 5025 622 5087; x_wconf 83' lang='lat' dir='ltr'><strong>teguntur,</strong></span> <span class='ocrx_word' id='word_1_618' title='bbox 656 5035 724 5075; x_wconf 90' lang='lat' dir='ltr'><strong>ne</strong></span> <span class='ocrx_word' id='word_1_619' title='bbox 766 5025 1011 5090; x_wconf 67' lang='lat' dir='ltr'><strong>profante</strong></span> <span class='ocrx_word' id='word_1_620' title='bbox 1043 5025 1358 5096; x_wconf 75' lang='lat' dir='ltr'><strong>ignaraeque</strong></span> <span class='ocrx_word' id='word_1_621' title='bbox 1400 5028 1744 5085; x_wconf 88' lang='lat' dir='ltr'><strong>multitudini</strong></span> <span class='ocrx_word' id='word_1_622' title='bbox 1797 5047 1920 5100; x_wconf 87' lang='lat' dir='ltr'><strong>pro-</strong></span> <span class='ocrx_word' id='word_1_623' title='bbox 1951 5025 2004 5086; x_wconf 88' lang='lat' dir='ltr'><strong>D</strong></span> <span class='ocrx_word' id='word_1_624' title='bbox 2029 5025 2104 5079; x_wconf 81' lang='lat' dir='ltr'><strong>dii</strong></span> <span class='ocrx_word' id='word_1_625' title='bbox 2141 5027 2435 5082; x_wconf 78' lang='lat' dir='ltr'><strong>hominibus</strong></span> <span class='ocrx_word' id='word_1_626' title='bbox 2457 5029 2624 5083; x_wconf 83' lang='lat' dir='ltr'><strong>lenem</strong></span> <span class='ocrx_word' id='word_1_627' title='bbox 2669 5041 2718 5083; x_wconf 84' lang='lat' dir='ltr'><strong>et</strong></span> <span class='ocrx_word' id='word_1_628' title='bbox 2760 5029 2972 5099; x_wconf 79' lang='lat' dir='ltr'><strong>facilem</strong></span> <span class='ocrx_word' id='word_1_629' title='bbox 3001 5033 3188 5096; x_wconf 84' lang='lat' dir='ltr'><strong>vitam,</strong></span> <span class='ocrx_word' id='word_1_630' title='bbox 3215 5043 3262 5086; x_wconf 85' lang='lat' dir='ltr'><strong>et</strong></span> <span class='ocrx_word' id='word_1_631' title='bbox 3295 5041 3416 5087; x_wconf 80' lang='lat' dir='ltr'><strong>ante</strong></span> <span class='ocrx_word' id='word_1_632' title='bbox 3445 5031 3624 5086; x_wconf 85' lang='lat' dir='ltr'><strong>omnia</strong></span> 
     </span>
    </p>
   </div>
   <div class='ocr_carea' id='block_1_84' title="bbox 347 5111 1926 5192">
    <p class='ocr_par' dir='ltr' id='par_1_84' title="bbox 347 5111 1926 5192">
     <span class='ocr_line' id='line_1_84' title="bbox 347 5111 1926 5192; baseline 0.011 -32"><span class='ocrx_word' id='word_1_633' title='bbox 347 5111 522 5179; x_wconf 89' lang='lat' dir='ltr'><strong>posita</strong></span> <span class='ocrx_word' id='word_1_634' title='bbox 550 5125 978 5184; x_wconf 88' lang='lat' dir='ltr'><strong>corrumpantur</strong></span> <span class='ocrx_word' id='word_1_635' title='bbox 1002 5127 1058 5173; x_wconf 91' lang='lat' dir='ltr'><strong>et</strong></span> <span class='ocrx_word' id='word_1_636' title='bbox 1092 5118 1506 5187; x_wconf 86' lang='lat' dir='ltr'><strong>adniterentur,</strong></span> <span class='ocrx_word' id='word_1_637' title='bbox 1533 5137 1713 5192; x_wconf 83' lang='lat' dir='ltr'><strong>neque</strong></span> <span class='ocrx_word' id='word_1_638' title='bbox 1741 5122 1926 5178; x_wconf 78' lang='lat' dir='ltr'><strong>ﬂocci-</strong></span> 
     </span>
    </p>
   </div>
   <div class='ocr_carea' id='block_1_85' title="bbox 348 5204 1925 5285">
    <p class='ocr_par' dir='ltr' id='par_1_85' title="bbox 348 5204 1925 5285">
     <span class='ocr_line' id='line_1_85' title="bbox 348 5204 1925 5285; baseline 0.008 -30"><span class='ocrx_word' id='word_1_639' title='bbox 348 5204 479 5257; x_wconf 85' lang='lat' dir='ltr'><strong>iiant</strong></span> <span class='ocrx_word' id='word_1_640' title='bbox 500 5217 514 5261; x_wconf 88' lang='lat'><strong>:</strong></span> <span class='ocrx_word' id='word_1_641' title='bbox 535 5220 659 5259; x_wconf 84' lang='lat' dir='ltr'><strong>nam</strong></span> <span class='ocrx_word' id='word_1_642' title='bbox 689 5219 913 5276; x_wconf 80' lang='lat' dir='ltr'><strong>propter</strong></span> <span class='ocrx_word' id='word_1_643' title='bbox 940 5212 1288 5280; x_wconf 65' lang='lat' dir='ltr'><strong>sumptnst</strong></span> <span class='ocrx_word' id='word_1_644' title='bbox 1318 5213 1478 5270; x_wconf 77' lang='lat' dir='ltr'><strong>facile</strong></span> <span class='ocrx_word' id='word_1_645' title='bbox 1503 5223 1558 5269; x_wconf 85' lang='lat' dir='ltr'><strong>et</strong></span> <span class='ocrx_word' id='word_1_646' title='bbox 1585 5215 1639 5269; x_wconf 92' lang='lat' dir='ltr'><strong>in</strong></span> <span class='ocrx_word' id='word_1_647' title='bbox 1670 5225 1925 5285; x_wconf 89' lang='lat' dir='ltr'><strong>promptu</strong></span> 
     </span>
    </p>
   </div>
   <div class='ocr_carea' id='block_1_86' title="bbox 349 5294 1929 5371">
    <p class='ocr_par' dir='ltr' id='par_1_86' title="bbox 349 5294 1929 5371">
     <span class='ocr_line' id='line_1_86' title="bbox 349 5294 1929 5371; baseline 0.009 -24"><span class='ocrx_word' id='word_1_648' title='bbox 349 5294 586 5364; x_wconf 88' lang='lat' dir='ltr'><strong>positum</strong></span> <span class='ocrx_word' id='word_1_649' title='bbox 619 5300 836 5352; x_wconf 83' lang='lat' dir='ltr'><strong>est:ita</strong></span> <span class='ocrx_word' id='word_1_650' title='bbox 875 5315 1222 5371; x_wconf 83' lang='lat' dir='ltr'><strong>quaecunque</strong></span> <span class='ocrx_word' id='word_1_651' title='bbox 1257 5303 1328 5359; x_wconf 92' lang='lat' dir='ltr'><strong>ab</strong></span> <span class='ocrx_word' id='word_1_652' title='bbox 1367 5305 1690 5361; x_wconf 87' lang='lat' dir='ltr'><strong>hominibus</strong></span> <span class='ocrx_word' id='word_1_653' title='bbox 1734 5321 1929 5361; x_wconf 89' lang='lat' dir='ltr'><strong>somno</strong></span> 
     </span>
    </p>
   </div>
   <div class='ocr_carea' id='block_1_87' title="bbox 347 5388 1930 5463">
    <p class='ocr_par' dir='ltr' id='par_1_87' title="bbox 347 5388 1930 5463">
     <span class='ocr_line' id='line_1_87' title="bbox 347 5388 1930 5463; baseline 0.008 -23"><span class='ocrx_word' id='word_1_654' title='bbox 347 5388 581 5456; x_wconf 73' lang='lat' dir='ltr'><strong>sepultis</strong></span> <span class='ocrx_word' id='word_1_655' title='bbox 665 5401 992 5458; x_wconf 88' lang='lat' dir='ltr'><strong>cernuntur,</strong></span> <span class='ocrx_word' id='word_1_656' title='bbox 1055 5393 1504 5463; x_wconf 85' lang='lat' dir='ltr'><strong>quandoquidem</strong></span> <span class='ocrx_word' id='word_1_657' title='bbox 1568 5398 1812 5453; x_wconf 85' lang='lat' dir='ltr'><strong>divinior</strong></span> <span class='ocrx_word' id='word_1_658' title='bbox 1867 5413 1930 5452; x_wconf 89' lang='lat' dir='ltr'><strong>ac</strong></span> 
     </span>
    </p>
   </div>
   <div class='ocr_carea' id='block_1_88' title="bbox 350 5479 1928 5558">
    <p class='ocr_par' dir='ltr' id='par_1_88' title="bbox 350 5479 1928 5558">
     <span class='ocr_line' id='line_1_88' title="bbox 350 5479 1928 5558; baseline 0.008 -28"><span class='ocrx_word' id='word_1_659' title='bbox 350 5479 646 5544; x_wconf 76' lang='lat' dir='ltr'><strong>praesciens</strong></span> <span class='ocrx_word' id='word_1_660' title='bbox 676 5481 901 5548; x_wconf 90' lang='lat' dir='ltr'><strong>quidam</strong></span> <span class='ocrx_word' id='word_1_661' title='bbox 935 5495 1194 5551; x_wconf 86' lang='lat' dir='ltr'><strong>aspectus</strong></span> <span class='ocrx_word' id='word_1_662' title='bbox 1221 5483 1535 5552; x_wconf 81' lang='lat' dir='ltr'><strong>denuntiat,</strong></span> <span class='ocrx_word' id='word_1_663' title='bbox 1558 5498 1710 5555; x_wconf 84' lang='lat' dir='ltr'><strong>tunc</strong></span> <span class='ocrx_word' id='word_1_664' title='bbox 1752 5493 1928 5558; x_wconf 88' lang='lat' dir='ltr'><strong>phan-</strong></span> 
     </span>
    </p>
   </div>
   <div class='ocr_carea' id='block_1_89' title="bbox 351 5569 1930 5651">
    <p class='ocr_par' dir='ltr' id='par_1_89' title="bbox 351 5569 1930 5651">
     <span class='ocr_line' id='line_1_89' title="bbox 351 5569 1930 5651; baseline 0.011 -31"><span class='ocrx_word' id='word_1_665' title='bbox 351 5569 546 5624; x_wconf 87' lang='lat' dir='ltr'><strong>tastico</strong></span> <span class='ocrx_word' id='word_1_666' title='bbox 586 5574 784 5628; x_wconf 65' lang='lat' dir='ltr'><strong>anima;</strong></span> <span class='ocrx_word' id='word_1_667' title='bbox 831 5575 1026 5644; x_wconf 85' lang='lat' dir='ltr'><strong>spiritu</strong></span> <span class='ocrx_word' id='word_1_668' title='bbox 1084 5577 1308 5646; x_wconf 89' lang='lat' dir='ltr'><strong>puriore</strong></span> <span class='ocrx_word' id='word_1_669' title='bbox 1366 5592 1579 5647; x_wconf 86' lang='lat' dir='ltr'><strong>pacate,</strong></span> <span class='ocrx_word' id='word_1_670' title='bbox 1637 5593 1930 5651; x_wconf 86' lang='lat' dir='ltr'><strong>propterea</strong></span> 
     </span>
    </p>
   </div>
   <div class='ocr_carea' id='block_1_90' title="bbox 2031 5117 3625 5197">
    <p class='ocr_par' dir='ltr' id='par_1_90' title="bbox 2031 5117 3625 5197">
     <span class='ocr_line' id='line_1_90' title="bbox 2031 5117 3625 5197; baseline 0.008 -28"><span class='ocrx_word' id='word_1_671' title='bbox 2031 5117 2168 5171; x_wconf 81' lang='lat' dir='ltr'><strong>bona</strong></span> <span class='ocrx_word' id='word_1_672' title='bbox 2217 5122 2464 5175; x_wconf 84' lang='lat' dir='ltr'><strong>sudorem</strong></span> <span class='ocrx_word' id='word_1_673' title='bbox 2506 5124 2579 5177; x_wconf 85' lang='lat' dir='ltr'><strong>dii</strong></span> <span class='ocrx_word' id='word_1_674' title='bbox 2620 5123 2972 5181; x_wconf 74' lang='lat' dir='ltr'><strong>collocarunt.</strong></span> <span class='ocrx_word' id='word_1_675' title='bbox 3018 5126 3159 5182; x_wconf 85' lang='lat' dir='ltr'><strong>Illud</strong></span> <span class='ocrx_word' id='word_1_676' title='bbox 3183 5138 3393 5193; x_wconf 89' lang='lat' dir='ltr'><strong>autem,</strong></span> <span class='ocrx_word' id='word_1_677' title='bbox 3423 5141 3625 5197; x_wconf 85' lang='lat' dir='ltr'><strong>nempe</strong></span> 
     </span>
    </p>
   </div>
   <div class='ocr_carea' id='block_1_91' title="bbox 2031 5209 3630 5291">
    <p class='ocr_par' dir='ltr' id='par_1_91' title="bbox 2031 5209 3630 5291">
     <span class='ocr_line' id='line_1_91' title="bbox 2031 5209 3630 5291; baseline 0.008 -28"><span class='ocrx_word' id='word_1_678' title='bbox 2031 5209 2166 5263; x_wconf 84' lang='lat' dir='ltr'><strong>citra</strong></span> <span class='ocrx_word' id='word_1_679' title='bbox 2245 5212 2496 5267; x_wconf 85' lang='lat' dir='ltr'><strong>laborem</strong></span> <span class='ocrx_word' id='word_1_680' title='bbox 2560 5216 2831 5273; x_wconf 88' lang='lat' dir='ltr'><strong>bonorum</strong></span> <span class='ocrx_word' id='word_1_681' title='bbox 2909 5230 3221 5291; x_wconf 85' lang='lat' dir='ltr'><strong>compotem</strong></span> <span class='ocrx_word' id='word_1_682' title='bbox 3285 5235 3430 5290; x_wconf 87' lang='lat' dir='ltr'><strong>esse,</strong></span> <span class='ocrx_word' id='word_1_683' title='bbox 3509 5237 3630 5276; x_wconf 86' lang='lat' dir='ltr'><strong>mu-</strong></span> 
     </span>
    </p>
   </div>
   <div class='ocr_carea' id='block_1_92' title="bbox 2032 5305 3651 5380">
    <p class='ocr_par' dir='ltr' id='par_1_92' title="bbox 2032 5305 3651 5380">
     <span class='ocr_line' id='line_1_92' title="bbox 2032 5305 3651 5380; baseline 0.01 -24"><span class='ocrx_word' id='word_1_684' title='bbox 2032 5319 2138 5358; x_wconf 90' lang='lat' dir='ltr'><strong>nus</strong></span> <span class='ocrx_word' id='word_1_685' title='bbox 2193 5305 2452 5361; x_wconf 88' lang='lat' dir='ltr'><strong>divinum</strong></span> <span class='ocrx_word' id='word_1_686' title='bbox 2522 5312 2726 5366; x_wconf 87' lang='lat' dir='ltr'><strong>asserit</strong></span> <span class='ocrx_word' id='word_1_687' title='bbox 2776 5329 2938 5380; x_wconf 84' lang='lat' dir='ltr'><strong>esse;</strong></span> <span class='ocrx_word' id='word_1_688' title='bbox 2971 5330 3164 5371; x_wconf 80' lang='lat' dir='ltr'><strong>verum</strong></span> <span class='ocrx_word' id='word_1_689' title='bbox 3201 5316 3254 5371; x_wconf 89' lang='lat' dir='ltr'><strong>id</strong></span> <span class='ocrx_word' id='word_1_690' title='bbox 3288 5331 3404 5372; x_wconf 89' lang='lat' dir='ltr'><strong>non</strong></span> <span class='ocrx_word' id='word_1_691' title='bbox 3436 5318 3651 5371; x_wconf 58' lang='lat' dir='ltr'><strong>adme-v</strong></span> 
     </span>
    </p>
   </div>
   <div class='ocr_carea' id='block_1_93' title="bbox 2034 5398 3628 5477">
    <p class='ocr_par' dir='ltr' id='par_1_93' title="bbox 2034 5398 3628 5477">
     <span class='ocr_line' id='line_1_93' title="bbox 2034 5398 3628 5477; baseline 0.009 -26"><span class='ocrx_word' id='word_1_692' title='bbox 2034 5398 2164 5452; x_wconf 88' lang='lat' dir='ltr'><strong>dtnn</strong></span> <span class='ocrx_word' id='word_1_693' title='bbox 2197 5400 2384 5454; x_wconf 83' lang='lat' dir='ltr'><strong>multis</strong></span> <span class='ocrx_word' id='word_1_694' title='bbox 2415 5403 2667 5469; x_wconf 90' lang='lat' dir='ltr'><strong>concedi,</strong></span> <span class='ocrx_word' id='word_1_695' title='bbox 2710 5405 2824 5460; x_wconf 90' lang='lat' dir='ltr'><strong>imo</strong></span> <span class='ocrx_word' id='word_1_696' title='bbox 2865 5406 3027 5463; x_wconf 87' lang='lat' dir='ltr'><strong>valde</strong></span> <span class='ocrx_word' id='word_1_697' title='bbox 3057 5408 3253 5477; x_wconf 89' lang='lat' dir='ltr'><strong>paucis</strong></span> <span class='ocrx_word' id='word_1_698' title='bbox 3283 5427 3296 5463; x_wconf 89' lang='lat'><strong>:</strong></span> <span class='ocrx_word' id='word_1_699' title='bbox 3335 5410 3503 5464; x_wconf 85' lang='lat' dir='ltr'><strong>veluti</strong></span> <span class='ocrx_word' id='word_1_700' title='bbox 3536 5425 3628 5465; x_wconf 87' lang='lat' dir='ltr'><strong>sa-</strong></span> 
     </span>
    </p>
   </div>
   <div class='ocr_carea' id='block_1_94' title="bbox 2035 5488 3630 5573">
    <p class='ocr_par' dir='ltr' id='par_1_94' title="bbox 2035 5488 3630 5573">
     <span class='ocr_line' id='line_1_94' title="bbox 2035 5488 3630 5573; baseline 0.009 -32"><span class='ocrx_word' id='word_1_701' title='bbox 2035 5488 2244 5558; x_wconf 86' lang='lat' dir='ltr'><strong>pientia</strong></span> <span class='ocrx_word' id='word_1_702' title='bbox 2273 5489 2394 5544; x_wconf 90' lang='lat' dir='ltr'><strong>sine</strong></span> <span class='ocrx_word' id='word_1_703' title='bbox 2419 5490 2606 5546; x_wconf 86' lang='lat' dir='ltr'><strong>labere</strong></span> <span class='ocrx_word' id='word_1_704' title='bbox 2635 5494 2917 5573; x_wconf 85' lang='lat' dir='ltr'><strong>Selomeni</strong></span> <span class='ocrx_word' id='word_1_705' title='bbox 2948 5512 3046 5565; x_wconf 90' lang='lat' dir='ltr'><strong>pre</strong></span> <span class='ocrx_word' id='word_1_706' title='bbox 3074 5496 3301 5566; x_wconf 53' lang='lat' dir='ltr'><strong>praemio</strong></span> <span class='ocrx_word' id='word_1_707' title='bbox 3328 5499 3630 5555; x_wconf 82' lang='lat' dir='ltr'><strong>distributa</strong></span> 
     </span>
    </p>
   </div>
   <div class='ocr_carea' id='block_1_95' title="bbox 2035 5584 3633 5659">
    <p class='ocr_par' dir='ltr' id='par_1_95' title="bbox 2035 5584 3633 5659">
     <span class='ocr_line' id='line_1_95' title="bbox 2035 5584 3633 5659; baseline 0.009 -26"><span class='ocrx_word' id='word_1_708' title='bbox 2035 5591 2147 5648; x_wconf 81' lang='lat' dir='ltr'><strong>est;</strong></span> <span class='ocrx_word' id='word_1_709' title='bbox 2175 5584 2468 5653; x_wconf 83' lang='lat' dir='ltr'><strong>Sampsoni</strong></span> <span class='ocrx_word' id='word_1_710' title='bbox 2496 5601 2628 5640; x_wconf 88' lang='lat' dir='ltr'><strong>vero</strong></span> <span class='ocrx_word' id='word_1_711' title='bbox 2659 5590 2911 5657; x_wconf 89' lang='lat' dir='ltr'><strong>corporis</strong></span> <span class='ocrx_word' id='word_1_712' title='bbox 2935 5589 3330 5659; x_wconf 84' lang='lat' dir='ltr'><strong>insuperabilis</strong></span> <span class='ocrx_word' id='word_1_713' title='bbox 3361 5593 3633 5648; x_wconf 88' lang='lat' dir='ltr'><strong>fortitudo</strong></span> 
     </span>
    </p>
   </div>
   <div class='ocr_carea' id='block_1_96' title="bbox 350 5662 3630 5746">
    <p class='ocr_par' dir='ltr' id='par_1_96' title="bbox 350 5662 3630 5746">
     <span class='ocr_line' id='line_1_96' title="bbox 350 5662 3630 5746; baseline 0.008 -32"><span class='ocrx_word' id='word_1_714' title='bbox 350 5662 496 5729; x_wconf 82' lang='lat' dir='ltr'><strong>quod</strong></span> <span class='ocrx_word' id='word_1_715' title='bbox 554 5665 770 5720; x_wconf 90' lang='lat' dir='ltr'><strong>solutus</strong></span> <span class='ocrx_word' id='word_1_716' title='bbox 818 5677 905 5721; x_wconf 92' lang='lat' dir='ltr'><strong>est</strong></span> <span class='ocrx_word' id='word_1_717' title='bbox 955 5670 1366 5737; x_wconf 75' lang='lat' dir='ltr'><strong>quodammodo</strong></span> <span class='ocrx_word' id='word_1_718' title='bbox 1425 5675 1711 5740; x_wconf 87' lang='lat' dir='ltr'><strong>corporeis</strong></span> <span class='ocrx_word' id='word_1_719' title='bbox 1766 5686 1935 5745; x_wconf 90' lang='lat' dir='ltr'><strong>atque</strong></span> <span class='ocrx_word' id='word_1_720' title='bbox 2038 5676 2350 5746; x_wconf 85' lang='lat' dir='ltr'><strong>roburque;</strong></span> <span class='ocrx_word' id='word_1_721' title='bbox 2380 5693 2443 5731; x_wconf 91' lang='lat' dir='ltr'><strong>ac</strong></span> <span class='ocrx_word' id='word_1_722' title='bbox 2477 5694 2718 5744; x_wconf 70' lang='lat' dir='ltr'><strong>rur.~.um,</strong></span> <span class='ocrx_word' id='word_1_723' title='bbox 2747 5681 3080 5737; x_wconf 86' lang='lat' dir='ltr'><strong>utliberales</strong></span> <span class='ocrx_word' id='word_1_724' title='bbox 3109 5683 3430 5740; x_wconf 59' lang='lat' dir='ltr'><strong>Grecorum</strong></span> <span class='ocrx_word' id='word_1_725' title='bbox 3459 5687 3630 5742; x_wconf 87' lang='lat' dir='ltr'><strong>disci-</strong></span> 
     </span>
    </p>
   </div>
   <div class='ocr_carea' id='block_1_97' title="bbox 351 5753 3634 5848">
    <p class='ocr_par' dir='ltr' id='par_1_97' title="bbox 351 5753 3634 5848">
     <span class='ocr_line' id='line_1_97' title="bbox 351 5753 3634 5848; baseline 0.009 -43"><span class='ocrx_word' id='word_1_726' title='bbox 351 5753 730 5811; x_wconf 84' lang='lat' dir='ltr'><strong>tnaterialihus</strong></span> <span class='ocrx_word' id='word_1_727' title='bbox 763 5761 1075 5830; x_wconf 86' lang='lat' dir='ltr'><strong>crassisque</strong></span> <span class='ocrx_word' id='word_1_728' title='bbox 1112 5761 1464 5831; x_wconf 87' lang='lat' dir='ltr'><strong>tumultibus,</strong></span> <span class='ocrx_word' id='word_1_729' title='bbox 1494 5765 1838 5835; x_wconf 70' lang='lat' dir='ltr'><strong>arnigmatice</strong></span> <span class='ocrx_word' id='word_1_730' title='bbox 1880 5777 1936 5822; x_wconf 85' lang='lat' dir='ltr'><strong>et</strong></span> <span class='ocrx_word' id='word_1_731' title='bbox 2041 5774 2204 5842; x_wconf 72' lang='lat' dir='ltr'><strong>plinze</strong></span> <span class='ocrx_word' id='word_1_732' title='bbox 2245 5772 2473 5826; x_wconf 85' lang='lat' dir='ltr'><strong>tradunt</strong></span> <span class='ocrx_word' id='word_1_733' title='bbox 2510 5783 2565 5826; x_wconf 84' lang='lat' dir='ltr'><strong>ct</strong></span> <span class='ocrx_word' id='word_1_734' title='bbox 2610 5775 2868 5842; x_wconf 84' lang='lat' dir='ltr'><strong>suadent,</strong></span> <span class='ocrx_word' id='word_1_735' title='bbox 2905 5776 3176 5846; x_wconf 86' lang='lat' dir='ltr'><strong>sapientia</strong></span> <span class='ocrx_word' id='word_1_736' title='bbox 3219 5779 3472 5848; x_wconf 65' lang='lat' dir='ltr'><strong>quaedam</strong></span> <span class='ocrx_word' id='word_1_737' title='bbox 3521 5795 3634 5837; x_wconf 92' lang='lat' dir='ltr'><strong>non</strong></span> 
     </span>
    </p>
   </div>
   <div class='ocr_carea' id='block_1_98' title="bbox 427 5919 3630 6014">
    <p class='ocr_par' dir='ltr' id='par_1_98' title="bbox 427 5919 3630 6014">
     <span class='ocr_line' id='line_1_98' title="bbox 427 5919 3630 6014; baseline 0.007 -38"><span class='ocrx_word' id='word_1_738' title='bbox 427 5919 444 5942; x_wconf 90' lang='grc'>⁶</span> <span class='ocrx_word' id='word_1_739' title='bbox 482 5920 695 5993; x_wconf 66' lang='lat' dir='ltr'><strong>Pagina:</strong></span> <span class='ocrx_word' id='word_1_740' title='bbox 724 5935 852 5978; x_wconf 80' lang='lat' dir='ltr'><strong>sunt</strong></span> <span class='ocrx_word' id='word_1_741' title='bbox 880 5924 1144 5982; x_wconf 80' lang='lat' dir='ltr'><strong>editionis</strong></span> <span class='ocrx_word' id='word_1_742' title='bbox 1175 5927 1396 5998; x_wconf 71' lang='lat' dir='ltr'><strong>Synesii</strong></span> <span class='ocrx_word' id='word_1_743' title='bbox 1435 5929 1767 5997; x_wconf 79' lang='lat' dir='ltr'><strong>Petaviatne,</strong></span> <span class='ocrx_word' id='word_1_744' title='bbox 1803 5948 1942 6003; x_wconf 77' lang='lat' dir='ltr'><strong>quas</strong></span> <span class='ocrx_word' id='word_1_745' title='bbox 1978 5935 2031 5989; x_wconf 89' lang='lat' dir='ltr'><strong>in</strong></span> <span class='ocrx_word' id='word_1_746' title='bbox 2067 5944 2256 5991; x_wconf 79' lang='lat' dir='ltr'><strong>nostra</strong></span> <span class='ocrx_word' id='word_1_747' title='bbox 2304 5935 2554 5992; x_wconf 85' lang='lat' dir='ltr'><strong>numeris</strong></span> <span class='ocrx_word' id='word_1_748' title='bbox 2596 5935 2998 6008; x_wconf 86' lang='lat' dir='ltr'><strong>grandioribus</strong></span> <span class='ocrx_word' id='word_1_749' title='bbox 3039 5941 3439 6014; x_wconf 76' lang='lat' dir='ltr'><strong>expressimus.</strong></span> <span class='ocrx_word' id='word_1_750' title='bbox 3481 5944 3630 6002; x_wconf 77' lang='lat' dir='ltr'><strong>Enn.</strong></span> 
     </span>
    </p>
   </div>
  </div>
