4042 6554
310 437 417 498 553

302 642 519 710 γίνεται
569 646 745 713 λόγος,
796 650 923 702 ὅταν
977 650 1151 719 λάδης
1183 653 1275 706 τὸν
1302 656 1616 725 ἡγούμενον
1649 661 1740 714 τὸν
1780 661 1878 727 ις’,

303 739 405 791 καὶ
450 741 750 815 συγκρενῃς
782 744 920 812 πρὸς
951 744 1047 797 τὸν
1078 748 1385 816 ἡγούμενον
1423 751 1517 804 τὸν
1565 751 1630 816 δ’,
1667 754 1762 807 καὶ
1792 756 1885 807 τόν

307 829 574 901 ἑπόμενον
634 836 728 887 τὸν
783 833 834 905 η’
889 836 1027 906 πρὸς
1076 839 1166 893 τὸν
1224 843 1493 914 ἑπόμενον
1547 846 1640 899 τὸν
1677 846 1745 917 β’.
1778 850 1887 903 Καὶ

305 924 589 980 Batavum:
632 927 797 981 πάλιν
827 931 1031 1000 ὁμοίως
1050 932 1135 985 ὅτι
1161 933 1221 987 ὃν
1249 935 1413 1005 λόγον
1437 937 1552 1009 ἔχει
1584 942 1614 994 6
1647 939 1722 1004 ις’
1749 944 1889 1012 πρὸς

305 1016 401 1068 τὸν
434 1015 498 1074 6‘.
526 1018 615 1070 τὸν
648 1020 817 1073 αὑτὸν
848 1019 964 1091 ἔχει
992 1024 1089 1077 καὶ
1115 1027 1143 1077 6
1168 1032 1220 1094 η’
1243 1028 1380 1098 πρὸς
1428 1030 1523 1083 τὸν
1566 1029 1631 1100 β’.
1665 1032 1891 1088 Δείκνυ*

312 1122 401 1159 σιν
457 1106 552 1161 οὖν
611 1110 889 1176 ἐντεῦθεν,
923 1114 1004 1168 ὅτι
1063 1116 1123 1167 δν
1178 1117 1340 1184 λόγον
1392 1118 1506 1190 ἔχει
1537 1122 1568 1174 6
1598 1123 1723 1186 νοῦς
1754 1124 1893 1195 πρὸς

306 1195 508 1268 ψυχὴν,
559 1201 652 1252 τὸν
702 1202 869 1256 αὐτὸν
898 1203 1010 1273 ἔχει
1054 1207 1121 1261 τὰ
1158 1207 1289 1261 ὄντα
1314 1212 1453 1276 πρὸς
1485 1212 1557 1265 τὰ
1583 1216 1850 1283 γινόμενα
1877 1238 1890 1251 ·

310 1294 411 1345 καὶ
442 1292 672 1356 ἐναλλὰξ
721 1294 782 1348 ὃν
822 1296 977 1365 λόγον
1016 1300 1129 1369 ἔχει
1163 1300 1293 1363 νοῦς
1326 1304 1464 1370 πρὸς
1487 1304 1641 1369 ὅντα,
1672 1307 1765 1359 τὸν
1797 1306 1894 1360 αὑ“

308 1383 404 1435 τὸν
429 1382 545 1455 ἔχει
588 1387 736 1457 ψυχὴ
770 1392 908 1459 πρὸς
930 1395 1213 1461 γινόμενα.

398 1544 755 1600 Ἀνὰπιιῖιι
792 1548 906 1602 Καὶ
942 1549 1101 1603 τοῦτο
1151 1553 1215 1605 ὲκ
1266 1554 1377 1605 τῶν
1427 1554 1525 1607 τοῦ
1576 1555 1892 1609 Εὐκλείδου.

313 1637 453 1705 Φησὶ
481 1638 591 1709 γὰρ
640 1639 848 1703 ἐκεῖνος
888 1644 948 1694 ὲν
981 1643 1096 1706 τοῖς
1119 1644 1305 1707 αὐτοῖς
1326 1646 1473 1715 ὅροις
1507 1646 1603 1699 τοῦ
1628 1648 1893 1713 πέμπτου

1182 450 1507 511 SCHOLM
1558 455 1635 515 IN
1679 458 2063 522 SYNESIUM
2112 463 2210 523 DE
2258 463 2680 528 lNSUMNilS.

306 553 374 621 β’,
403 556 498 607 καί
548 557 693 611 ἐστιν
729 558 1032 629 ἡγούμενος
1064 562 1094 613 6
1136 561 1210 627 ις’
1240 564 1333 617 τοῦ
1367 572 1437 636 η’.
1474 568 1741 636 Ἐναλλὰξ
1786 571 1880 626 οὖν
1907 581 1955 640 Α

3472 466 3577 530 554

2471 580 2580 636 νοῦς
2981 581 3108 642 ψυχὴ

2206 800 2241 828 ε
2524 725 3015 899 (><)

2460 1000 2574 1046 ὄντα
2914 997 3139 1057 γινόμενοι

2071 1088 2424 1153 Πρυόάλλει.
2467 1084 2531 1135 Ἢ
2560 1082 2728 1153 ψυχή.

2084 1177 2469 1245 Ἑνοπτρίζει.
2502 1175 2756 1238 Φωτεζει,
2790 1174 3054 1228 διδάσκει.

2073 1271 2224 1340 Πρὶν
2258 1268 2341 1334 τῷ
2393 1268 2601 1332 κοινῷ,
2642 1267 2822 1333 Λόγῳ.
2857 1265 2889 1332 ἢ
2921 1265 2995 1326 ὡς
3024 1264 3113 1316 διὰ
3148 1262 3243 1315 τοῦ
3276 1261 3585 1317 ἐνδιαθέτου

2001 1365 2186 1432 λόγου.

2082 1450 2538 1517 Ἐπιστατικήν.
2570 1446 2641 1503 Ἣ
2671 1450 2745 1513 ὡς
2782 1448 2876 1502 τὸν
2904 1446 3050 1501 νοῦν.
3090 1440 3093 1443 ’

2070 1547 2359 1613 Aﬁr-amr.
2398 1542 2461 1595 '0
2511 1541 2611 1609 μὲν
2647 1540 2774 1602 νοῦς
2818 1541 3073 1593 κοινωνεῖ
3110 1543 3175 1609 τῇ
3216 1540 3407 1609 λογικῇ
3435 1539 3581 1609 ψυχῇ

2000 1642 2087 1693 διὰ
2119 1640 2287 1707 μέσου
2317 1635 2423 1691 τοῦ
2455 1636 2642 1703 λόγον’
2685 1637 2719 1703 ή
2754 1633 2811 1687 δὲ
2837 1634 3031 1704 λογικὴ
3058 1634 3212 1706 ψυχὴ
3242 1637 3493 1689 κοινωνεῖ
3520 1638 3587 1708 τῇ

320 1731 626 1800 στοιχείου,
658 1733 743 1787 ὅτι
774 1733 1049 1787 ἀνάπαλιν
1093 1734 1252 1802 λόγος
1290 1738 1409 1791 ἐστὶ
1438 1738 1602 1808 λῆψις
1644 1738 1738 1793 τοῦ
1773 1740 1901 1793 ἑπο-
2003 1732 2300 1800 αἰσθητικῇ
2327 1769 2343 1792 .
2402 1728 2641 1789 καὶτοῖς
2695 1727 3022 1796 ὀργανικοῖς
3064 1727 3468 1798 αἰσθητηρίοις.
3500 1728 3589 1781 διὰ

320 1825 485 1893 μένου
518 1826 595 1887 ὡς
626 1825 936 1896 ἡγουμένου
968 1827 1107 1897 πρὸς
1140 1829 1202 1881 τὸ
1249 1828 1556 1899 ἡγούμενον
1583 1831 1660 1895 ὡς
1692 1830 1898 1899 ἑπόμε-

2015 1820 2181 1887 μέσου
2219 1817 2315 1871 τοῦ
2344 1816 2712 1886 φανταστικοῦ
2740 1816 3072 1886 πνεύματος·
3102 1819 3135 1886 ἡ
3168 1815 3212 1869 δ’
3239 1812 3309 1870 αὖ
3343 1817 3585 1886 αἰσθητι-

314 1934 425 1969 νον.
465 1918 605 1989 Πρὸς
634 1919 689 1971 δὲ
744 1920 1045 1990 σαφήνειαν
1092 1922 1188 1975 τοῦ
1251 1921 1414 1991 λόγου
1468 1923 1778 1978 κείσθωσαν
1828 1926 1895 1979 ἐκ
1928 1922 1970 1978 Β
2000 1909 2070 1978 κὴ
2095 1908 2246 1979 ψυκῆ
2276 1910 2533 1962 κοινωνεῖ
2562 1909 2629 1979 τῇ
2669 1909 2877 1976 φυσικῇ
2900 1907 2989 1960 διὰ
3018 1906 3112 1961 τοῦ
3144 1906 3443 1976 θρεπτικοῦ
3491 1909 3588 1960 καὶ

310 2009 421 2063 τῶν
456 2013 835 2081 προκειμένοιν
860 2012 1112 2083 ἀριθμῶν
1142 2013 1170 2065 6
1201 2020 1275 2078 ις’
1307 2014 1445 2068 καὶὸ
1476 2021 1551 2083 η’.
1582 2016 1774 2069 Ἔστιν
1796 2010 1890 2070 οὖν

308 2102 339 2152 6
371 2107 446 2165 ις’
471 2102 857 2173 ἡγούμενος,ὸ
885 2104 941 2157 δὲ
988 2112 1041 2173 η’
1080 2105 1376 2174 ὲπόμενοςο
1409 2107 1506 2160 ἐὰν
1532 2105 1590 2159 δὲ
1630 2105 1890 2176 λάϐωμεν

311 2192 405 2246 τὸν
432 2192 481 2261 η’
526 2194 601 2257 ὡς
641 2194 972 2264 ἡγούμενον,
1013 2199 1111 2253 καὶ
1159 2200 1549 2267 συγκρίνωμεν
1601 2199 1764 2253 αὐτὸν
1813 2200 1890 2265 ὡς

312 2286 451 2355 πρὸς
492 2287 761 2355 ἑπόμενον
812 2287 900 2341 τὸν
940 2295 1041 2354 ις’,
1097 2290 1307 2354 γίνεται
1342 2292 1370 2343 6
1397 2291 1675 2346 ἀνάπαλιν
1706 2291 1886 2358 λόγος.

310 2376 483 2445 1Ιθτισὶν
520 2372 614 2431 οὖν
643 2377 726 2431 ὅτι
760 2378 1060 2441 κάνταῦθα,
1098 2383 1192 2434 ἐὰν
1234 2380 1609 2450 λάῦωμινοώς
1638 2382 1886 2451 ἡγούμε-

312 2488 404 2524 νον
461 2471 585 2540 ὅρον
636 2472 737 2539 τὴν
784 2472 987 2544 ψυχὴν,
1038 2479 1135 2529 καὶ
1191 2475 1578 2548 συγκρίνωμεν
1639 2476 1715 2539 ὡς
1753 2476 1890 2545 πρὸς

313 2567 585 2636 ἑπόμενον
618 2566 709 2619 τὸν
757 2567 917 2632 νοῦν,
956 2569 1050 2621 καὶ
1075 2569 1276 2637 ὁμοίως
1322 2570 1392 2623 τὰ
1443 2569 1703 2640 γινόμενα
1754 2569 1890 2636 πρὸς

312 2660 382 2713 τὰ
408 2660 559 2725 ὅντα,
591 2660 805 2725 γίνεται
842 2660 871 2711 6
902 2661 1171 2714 ἀνάπαλιν
1201 2660 1382 2727 λόγος,
1411 2662 1505 2714 καὶ
1535 2661 1688 2715 οὐδὲν
1726 2656 1890 2733 ἦττον

314 2753 633 2823 εὑρίσκεται
664 2754 760 2807 καὶ
796 2752 970 2815 οὕτως
1009 2751 1209 2821 ἀληθὲς
1243 2754 1304 2804 τὸ
1326 2753 1434 2821 μὺφ’
1465 2752 1628 2823 ἡμῶν
1657 2751 1892 2805 ἐνταῦθα

318 2844 447 2914 περὶ
482 2844 687 2897 τούτων
721 2843 797 2906 ὼς
828 2843 1046 2913 ἀξίωμα
1076 2843 1487 2912 προτιθέμενον.

398 3001 810 3069 Ἀξιοίιῖμενον.
842 2998 1340 3069 Δογματιζόμενον.

389 3095 555 3163 Ἔχει
577 3092 772 3162 ψυχή.
821 3093 909 3155 Ὠς
958 3097 1017 3145 ὲν
1063 3093 1241 3161 τούτῳ
1289 3091 1366 3163 τῷ
1407 3093 1672 3163 σχήματι,
1756 3122 1763 3131 ~

1999 1997 2299 2069 αὐξητικοῦ
2329 1999 2672 2069 πνεύματος.
2716 2001 2858 2070 Φησὶ
2886 1998 2943 2052 δὲ
2972 1999 3070 2052 καὶ
3111 2001 3139 2053 ό
3183 1999 3474 2062 Πλωτῖνος,
3504 2000 3587 2051 ὅτι

1999 2096 2190 2166 ὥσπερ
2234 2097 2261 2147 6
2298 2096 2356 2147 ὲν
2386 2094 2639 2164 προφορᾷ
2688 2092 2846 2160 λόγος
2876 2091 3040 2145 εἰκών
3073 2094 3191 2146 ἐστι
3215 2092 3310 2146 τοῦ
3342 2094 3400 2145 ἑν
3438 2090 3586 2162 ψυχῇ

1998 2187 2182 2254 λόγου,
2210 2185 2355 2239 οὕτω
2384 2187 2482 2239 καὶ
2518 2186 2552 2255 ἡ
2582 2184 2733 2254 ψυχὴ
2768 2182 2863 2237 τοῦ
2900 2182 3017 2236 νοῦ.

2081 2277 2492 2347 Ἀπαγγεῖλαι.
2542 2276 2695 2346 Αῦτῇ
2728 2278 2801 2344 ,τῇ
2835 2274 3010 2345 ψυχῇ.

2073 2368 2278 2435 Ψυχῇ.
2312 2368 2390 2437 Τῇ
2416 2368 2634 2438 λογικῇ.

2085 2461 2423 2527 Ἐκμαγεῖα.
2462 2460 2701 2521 Τὺπους.

2069 2550 2232 2616 Αὗτη
2288 2547 2422 2615 ζωή.
2461 2535 2561 2603 ’Ἥ
2616 2557 2960 2625 φανταστικὴ
3000 2554 3097 2608 καὶ
3154 2553 3274 2607 κατ’
3330 2552 3585 2621 αἴσθησιν

2001 2642 2138 2713 ζωὴ,
2192 2642 2260 2695 δι’
2308 2637 2377 2715 ἦς
2423 2643 2797 2714 κοινωνοῦμεν
2825 2648 2944 2710 τοῖς
2994 2647 3237 2714 ἀλόγοις,
3292 2647 3326 2717 ἢ
3381 2644 3587 2716 μᾶλλον

2000 2737 2035 2803 ή
2070 2733 2215 2788 κατὰ
2242 2736 2368 2798 τοὺς
2399 2734 2604 2801 ὕπνους
2628 2738 2881 2807 ἐνέργεια
2907 2739 3002 2791 τοῦ
3035 2736 3407 2807 φανταστικοῦ
3420 2738 3589 2788 πνεύ-

2003 2840 2198 2895 ματος.
3410 2889 3423 2897 _

2074 2908 2182 2969 Kal
2218 2916 2289 2967 ἐν
2338 2914 2609 2983 ἰδιότητι.
2679 2918 2910 2987 Ὂρᾶται
2963 2921 3073 2991 γὰρ
3132 2921 3317 2984 ἱδικῶς
3374 2922 3431 2973 ἑν
3470 2924 3585 2984 τοῖς

2000 3006 2239 3073 λογικοῖς
2266 3007 2447 3070 ζώοις.

2061 3098 2454 3166 Αισθητήρια.
2520 3099 2730 3167 Ἀφαινῆ
2767 3100 2858 3155 καὶ
2880 3103 3136 3169 κρείττω,
3165 3103 3233 3155 δι’
3271 3096 3347 3157 ὧν
3389 3104 3484 3157 καὶ
3516 3103 3585 3156 τὰ

314 3271 549 3314 numero
575 3255 630 3312 8.
660 3256 799 3328 Ergo
832 3255 1023 3311 ordine
1042 3256 1354 3311 alternatim
1398 3266 1610 3312 mutato
1640 3257 1889 3312 occurrit
1914 3262 1958 3325 (ζ
1994 3269 2213 3328 postera
2239 3261 2404 3327 ratio,
2450 3273 2507 3316 et
2546 3262 2909 3317 nihilominus
2951 3265 3238 3319 invenitur
3280 3264 3447 3320 etiam
3505 3268 3577 3320 ita

318 3353 629 3423 proportio,
660 3360 1020 3420 posteaquam
1075 3351 1378 3419 sumpseris
1416 3365 1705 3405 numerum
1739 3358 1891 3406 ante-

314 3445 600 3502 cedentem
621 3442 707 3507 16,
731 3450 790 3497 et
819 3443 1224 3510 comparaveris
1248 3457 1375 3496 cum
1408 3456 1643 3497 numero
1668 3451 1889 3497 antece-

316 3539 485 3593 dente
511 3535 546 3591 4
568 3576 585 3603 ,
629 3543 685 3591 et
734 3532 1173 3604 consequentem
1205 3533 1238 3588 8
1276 3548 1403 3589 cum
1432 3544 1803 3604 consequente
1838 3532 1889 3587 2.

314 3630 494 3685 Etiam
524 3640 719 3683 rursus
766 3625 1180 3681 demonstratur
1209 3626 1375 3681 simili
1408 3625 1595 3692 modo,
1624 3635 1686 3681 ut
1728 3641 1891 3697 quam

319 3721 491 3779 habet
532 3719 954 3793 pmportionem
986 3733 1252 3774 numerus
1287 3718 1352 3773 ιο
1399 3719 1468 3773 ad
1512 3733 1799 3775 numerum
1838 3719 1892 3783 4,

314 3816 568 3872 eamdem
602 3812 770 3868 habet
796 3811 968 3867 etiam
997 3826 1258 3866 numerus
1280 3810 1314 3866 8
1346 3811 1415 3865 ad
1453 3810 1509 3866 2.
1543 3810 1685 3867 Hinc
1731 3812 1895 3881 igitur

314 3906 522 3962 indicat
552 3915 607 3961 et
624 3903 869 3960 ostendit
896 3903 1044 3975 quod
1076 3919 1240 3973 quam
1264 3903 1531 3958 rationem
1561 3911 1617 3959 et
1662 3918 1895 3973 propor-

318 4001 520 4056 tionem
558 3998 724 4053 habet
759 4010 915 4050 mens
948 3994 1016 4049 ad
1065 3993 1303 4049 animam
1331 4037 1346 4059 ,
1386 3994 1638 4051 eamdem
1690 3996 1897 4053 habent

315 4107 381 4147 ea
436 4106 557 4161 quae
589 4104 779 4145 revera
819 4088 1096 4143 exsistunt
1152 4089 1218 4142 ad
1253 4102 1316 4143 ea
1354 4103 1479 4159 quae
1523 4088 1661 4144 [iunt
1691 4099 1746 4145 et
1770 4106 1899 4145 eve-

316 4186 513 4247 niunt;
544 4192 602 4236 et
632 4181 944 4244 alternatim
978 4180 1173 4236 ordine
1226 4190 1433 4237 mutato
1464 4224 1475 4246 ,
1535 4199 1698 4253 quam
1732 4184 1899 4239 habet

317 4280 593 4332 rationem
636 4290 791 4328 mens
822 4274 888 4327 ad
920 4288 984 4326 ea
1010 4287 1132 4341 quae
1187 4287 1377 4327 revera
1427 4274 1718 4336 etsistunt,
1747 4288 1897 4330 eam-

315 4369 440 4423 dem
472 4365 637 4419 habet
662 4363 842 4418 anima
878 4362 943 4416 ad
984 4376 1048 4417 ea
1079 4376 1200 4431 quae
1237 4361 1376 4415 liunt
1399 4361 1756 4417 etevcniunt.

394 4461 466 4513 Ac
496 4464 839 4526 prwpostcre.
891 4453 954 4508 Et
1009 4454 1155 4508 istud
1186 4468 1217 4509 e
1262 4454 1486 4522 scriptis
1521 4453 1767 4509 Euclidis
1796 4452 1897 4510 de-

313 4556 630 4618 promptum
682 4553 789 4601 est.
847 4544 937 4599 Ait
995 4543 1142 4598 enim
1198 4545 1255 4599 in
1307 4546 1425 4599 suis
1478 4544 1898 4603 definitionibus

2001 3366 2193 3406 verum
2234 3343 2293 3407 id
2333 3353 2480 3422 quod
2515 3369 2545 3407 a
2578 3354 2737 3409 nobis
2787 3355 2876 3408 his
2924 3356 2993 3410 de
3026 3357 3190 3412 rebus
3241 3360 3582 3428 propositum

1998 3452 2103 3503 est,
2132 3443 2282 3497 velut
2317 3444 2532 3498 axioma
2564 3454 2620 3499 et
2648 3446 3091 3514 pronuntiatum.

2071 3531 2452 3587 Constitutum.
2484 3534 2879 3607 Prascriptttm
2914 3545 3022 3591 est.

2075 3622 2315 3687 Promil.
2334 3624 2543 3695 Nempe
2566 3627 2772 3680 anima.

2077 3714 2144 3769 Et
2179 3715 2475 3771 illuminat.
2508 3717 2757 3772 illustrat
2789 3734 2854 3774 ac
2883 3718 3067 3776 docet.

2070 3807 2398 3875 Priusquam
2452 3823 2542 3863 eat
2580 3810 2959 3863 communioni.
2993 3808 3239 3875 Rationi,
3274 3810 3359 3865 vel
3389 3810 3584 3881 utique

2002 3913 2102 3967 per
2130 3902 2397 3953 rationem
2425 3908 2607 3952 mente
2642 3908 2990 3968 conceptam.

2084 3990 2173 4045 Vis
2197 3992 2364 4045 animi
2398 3992 2747 4045 moderatrix.
2776 3991 2873 4047 Vel
2904 3993 3099 4062 utique
3137 4009 3315 4050 tuens.

2083 4082 2197 4137 Vis.
2234 4081 2388 4137 Mens
2418 4085 2794 4138 communicat
2824 4099 2949 4138 cum
2979 4085 3231 4157 rationali
3268 4086 3450 4142 anima
3485 4104 3583 4158 per

2003 4176 2432 4248 interiacentem
2462 4177 2730 4234 rationem
2759 4196 2772 4231 :
2815 4188 2869 4232 at
2902 4179 3184 4233 rationalis
3215 4182 3397 4234 anima
3427 4197 3584 4236 com-

2005 4270 2253 4322 municat
2274 4283 2401 4323 cum
2432 4269 2721 4335 sensitiva,
2748 4277 2806 4322 et
2845 4284 2970 4323 cum
3007 4272 3285 4339 organicis
3306 4273 3583 4328 sentiendi

2002 4360 2255 4428 partibus
2283 4400 2298 4425 ,
2331 4375 2429 4429 per
2458 4360 2701 4414 medium
2760 4368 2817 4415 et
2876 4361 3267 4430 interpositum
3326 4365 3583 4433 spiritum

2004 4452 2444 4521 phantastieum.
2472 4451 2687 4507 Rursus
2706 4448 2890 4507 anima
2910 4453 3174 4508 sensitiva
3210 4442 3585 4517 communicat

2002 4558 2127 4597 cum
2158 4544 2400 4598 naturali
2437 4558 2537 4613 per
2588 4542 2807 4609 alendi,
2865 4533 3190 4615 segetandi,
3230 4548 3579 4617 augendique

315 4637 493 4708 quinti
530 4636 815 4701 clementi,
856 4632 1064 4690 Ordine
1110 4636 1332 4690 inverso
1356 4636 1608 4692 eamdem
1665 4652 1895 4708 propor-
1929 4626 1972 4682 ῧ
2003 4636 2285 4703 spiritum.
2314 4637 2407 4691 Ait
2433 4636 2905 4706 porroPlotin’us,
2930 4638 3075 4707 quod
3116 4640 3583 4707 quemadmodum

318 4732 528 4785 tionem
560 4744 623 4784 ac
659 4729 931 4783 rationem
954 4743 1077 4785 esse
1111 4728 1446 4798 sumptionis
1475 4730 1891 4800 consequentis,

318 4829 380 4876 ut
400 4819 800 4880 antecedentis.
846 4819 986 4873 facta
1006 4819 1420 4888 comparatione
1438 4820 1506 4874 ad
1535 4806 1894 4882 antecedens,

319 4924 380 4967 ut
410 4913 480 4985 ad
514 4926 883 4980 consequens.
919 4910 1026 4966 Sed
1059 4910 1127 4964 ad
1160 4910 1608 4981 perspicuitatem
1633 4920 1689 4965 ct
1711 4911 1899 4981 expla-

321 5008 603 5062 natioitetn
629 5002 795 5074 hujus
834 5002 1068 5057 rationis
1102 5011 1384 5071 ponantur
1409 5018 1440 5057 e
1472 5002 1770 5071 propositis
1797 5018 1897 5057 nn-

318 5096 507 5161 meris,
544 5110 808 5150 numerus
843 5092 912 5149 16
940 5101 997 5150 et
1030 5108 1297 5149 numerus
1332 5094 1388 5149 8.
1438 5093 1539 5149 Est
1587 5095 1755 5165 igitur
1785 5110 1892 5149 nu-

314 5203 501 5243 merns
532 5187 599 5241 {6
654 5178 1008 5249 antecedens,
1057 5194 1115 5239 at
1143 5184 1177 5240 8
1216 5200 1583 5255 consequens.
1617 5185 1775 5251 Quod
1842 5184 1889 5241 si

314 5294 583 5334 sumanns
626 5292 917 5332 numerum
967 5278 1002 5332 8
1055 5287 1313 5347 tanquam
1363 5279 1805 5353 antecedentem,
1834 5288 1891 5333 et

316 5384 698 5438 cummi-emus
746 5368 923 5437 ipsum
978 5369 1128 5424 velut
1156 5372 1221 5422 ad
1253 5380 1681 5438 euriscquentcm
1715 5368 1798 5433 l6,
1831 5372 1891 5424 lit

316 5463 511 5517 (rdine
546 5460 764 5514 inverso
794 5462 1098 5530 proportio.
1131 5462 1224 5514 Ait
1247 5476 1377 5530 ergo
1413 5461 1503 5515 hic
1529 5477 1749 5531 quoque
1786 5479 1800 5516 :
1832 5461 1887 5516 Si

319 5567 605 5607 sumamus
626 5552 778 5605 velut
818 5552 1238 5606 antecedentem
1273 5552 1566 5605 terminum
1599 5553 1837 5605 animam
1881 5591 1897 5615 ,

316 5656 373 5699 Cl
400 5659 785 5713 comparemus
841 5651 1100 5713 tanquam
1133 5643 1200 5697 ad
1255 5655 1684 5712 conseqttentetn
1740 5660 1895 5699 men-

322 5748 452 5801 tem,
488 5734 742 5788 similiter
759 5736 923 5788 etiam
955 5750 1017 5789 ea
1039 5750 1160 5804 quae
1190 5738 1325 5788 linnt
1351 5745 1407 5789 et
1439 5736 1705 5789 eveniunt
1729 5737 1795 5790 ad
1828 5752 1893 5793 ea

324 5812 444 5894 qua:
478 5840 667 5879 revera
703 5825 1001 5885 exsistunt,
1048 5824 1295 5879 occurrit
1330 5838 1592 5879 conversa
1636 5835 1693 5881 et.
1754 5843 1896 5897 prae~

648 5920 916 5978 PATHOL.
963 5921 1083 5979 Gtt.
1131 5918 1409 5979 CXLIX.

2000 4729 2057 4783 iu
2089 4728 2479 4785 enuntiatione
2528 4731 2709 4784 oratio
2734 4729 2945 4801 efﬁgies
3002 4745 3065 4785 ac
3095 4731 3473 4797 simulacrum
3498 4739 3583 4788 cat

1966 4821 2233 4901 rationis
2282 4836 2406 4891 qua:
2454 4831 2543 4876 est
2596 4822 2650 4875 in
2685 4822 2907 4887 animo,
2960 4822 3034 4876 ita
3086 4823 3254 4877 etiam
3284 4827 3467 4878 anima
3498 4836 3582 4879 est

1997 4914 2177 4985 imago
2204 4912 2430 4969 mentis.

2070 5004 2386 5072 Manifestus
2410 5005 2610 5074 fecerit.
2648 5004 2757 5076 ipsi
2786 5006 3007 5061 animae.

2070 5096 2345 5152 Primaria
2376 5098 2545 5152 animi
2576 5105 2752 5167 parte.
2788 5096 3014 5155 Scilicet
3060 5098 3339 5154 rationali.

2068 5186 2357 5259 Imagines.
2392 5188 2555 5259 Typi,
2588 5189 2778 5243 forma:
2800 5197 2857 5243 et
2884 5189 3202 5245 simulacra.

2074 5277 2193 5355 γεω
2225 5280 2357 5333 lucc.
2394 5279 2768 5341 Phantastica,
2802 5288 2860 5333 et
2887 5281 3067 5349 quoad
3099 5281 3373 5336 sentiendi
3405 5282 3578 5339 facul-

1998 5378 2165 5423 tatem
2197 5371 2331 5434 vita,
2366 5386 2464 5441 per
2497 5385 2660 5438 quam
2688 5373 3163 5426 communicamtts
3188 5388 3314 5427 cum
3349 5376 3579 5430 rationis

1995 5462 2351 5531 expeuibus;
2372 5464 2455 5517 vel
2475 5463 2659 5533 pp‘tius
2676 5466 2819 5518 actio
2837 5464 3065 5533 spiritus
3086 5466 3577 5537 phantasticqunze

1992 5554 2140 5623 viget
2173 5557 2318 5609 inter
2357 5556 2769 5611 somniandum.

2066 5645 2133 5700 In
2173 5648 2497 5718 praprietate
2530 5656 2761 5703 natura.
2803 5648 3036 5705 Videtur
3066 5650 3213 5705 enim
3257 5654 3485 5708 seorsim
3518 5654 3575 5710 in

1995 5737 2328 5793 animalibus
2365 5737 2577 5793 ratione
2610 5740 2917 5793 utentibus.

2066 5828 2325 5886 Senzuum
2359 5836 2583 5902 organa.
2616 5830 2863 5887 Obscura
2881 5844 2936 5887 et
2966 5836 3299 5903 potentiora.
3328 5851 3426 5905 per
3453 5852 3583 5907 quae

3059 5929 3134 5990 18
