4042 6570
304 504 375 566 Eii
387 502 414 565 1·

372 617 669 682 Διανέμει.
723 610 960 681 Ὁμοίως
993 610 1186 676 ὥσπερ
1236 607 1332 658 ἐπὶ
1361 603 1457 658 τοῦ
1482 599 1880 670 είσπνεομένου

300 713 361 764 ἐν
397 708 476 777 τῷ
506 704 656 775 αὐλῷ
689 706 870 774 ἀέρος.
910 699 1211 769 Μονοειδὴς
1251 699 1362 766 γὰρ
1391 695 1488 760 ὣν,
1529 692 1877 774 ποικίλλεται

298 802 388 858 διὰ
416 801 526 854 τῶν
559 800 689 870 περὶ
713 797 806 849 τὸν
825 793 991 848 αὐλὸν
1020 792 1402 862 τρυπημάτων
1448 787 1632 852 ἐξιὼν,
1687 784 1878 849 ὀξύτε-

304 911 397 961 ρος
429 894 739 961 γινόμενος,
771 888 804 958 ἦ
846 886 1173 957 βαρύτερος,
1223 884 1257 954 ἢ
1295 884 1484 954 μέσος,
1539 880 1568 951 ἢ
1605 877 1877 949 ἐμμελὴς,

302 987 334 1051 ἥ
369 984 629 1054 ἒκμελής.

377 1076 490 1130 Καί
518 1070 649 1129 οἶόν
679 1075 860 1127 εισιν.
898 1071 1036 1142 Περὶ
1079 1069 1312 1139 κέντρου
1369 1067 1464 1120 καὶ
1511 1063 1743 1117 εὐθειῶν
1794 1061 1880 1114 λέ-

306 1188 442 1238 γων,
473 1167 707 1235 δυνάμει
754 1163 1003 1234 ἐμνήσθη
1078 1161 1195 1232 ἀμα
1254 1160 1350 1212 καὶ
1394 1157 1600 1210 κύκλου
1642 1156 1675 1224 ἢ
1724 1154 1886 1223 σφαί-

311 1276 433 1328 ρας,
478 1255 770 1311 ’Δδύνατον
799 1255 908 1323 γὰρ
938 1254 1164 1323 κέντρον
1205 1248 1568 1317 ἐπινοηθῆναι
1624 1245 1751 1314 δίχα
1784 1243 1894 1296 κύ-

307 1351 438 1404 κλου
482 1349 515 1417 ἢ
549 1347 810 1418 σφαίρας,
848 1344 1040 1410 ὥσπερ
1104 1341 1228 1394 οὐδὲ
1275 1339 1498 1402 κύκλον,
1553 1339 1587 1407 ἢ
1651 1339 1886 1407 σφαῖραν

305 1444 438 1497 ἄνευ
471 1441 725 1508 κέντρου.
763 1437 933 1491 Φασὶν
964 1431 1060 1488 οὖν
1088 1434 1138 1486 oi
1161 1431 1540 1502 γεωμετρικοὶ
1597 1430 1738 1500 ὅροι,
1802 1429 1886 1482 ὅτι

307 1530 506 1594 κύκλος
565 1530 691 1582 ἐστὶ
732 1528 922 1598 σχῆμα
979 1525 1241 1578 έπίπεδον
1292 1524 1401 1578 ὑπὸ
1450 1523 1580 1593 μιᾶς
1612 1521 1884 1592 γραμμῆς

1217 490 1546 554 SCIIOLIA
1583 489 1662 548 l'N
1703 487 2106 549 SYNESIUM
2143 487 2246 547 DE
2280 483 2708 545 iNSO‘MNlIS.

2063 1509 2386 1578 Αἴσθησις.
2415 1508 2732 1578 Παχύνεται
2753 1506 2886 1574 γὰρ,
2912 1504 2994 1567 είς
3021 1503 3085 1558 τὸ
3132 1502 3308 1573 πάχος
3356 1502 3470 1556 τῶν
3517 1503 3578 1557 ιν

307 1620 734 1694 περιεχόμενον,
767 1594 1088 1688 {salsis-at
1117 1615 1478 1686 περιφέρεια,
1534 1611 1676 1682 πρὸς
1712 1612 1781 1681 ἧν
1829 1612 1888 1663 at
1994 1603 2210 1670 γενέσει
2240 1605 2336 1656 καὶ
2377 1601 2560 1674 φθορᾷ
2591 1598 2944 1669 πραγμάτων
2961 1594 3244 1694 χωρρῦσα.

309 1719 419 1771 ἀπ’)
445 1717 543 1768 τοῦ
571 1715 800 1783 κέντρου
842 1710 1295 1780 προσπίπτουσαι
1324 1708 1533 1761 εὐθεῖαι
1566 1707 1680 1760 ίσαι
1720 1704 1890 1773 ἀλλή-

308 1810 433 1870 λαις
456 1809 589 1871 sici,
619 1807 847 1876 Κέντρῳ
867 1800 962 1858 οὖν
989 1802 1225 1857 ένταῦθα
1263 1803 1362 1855 καὶ
1399 1801 1528 1874 ῥίζῃ
1553 1796 1890 1868 παρεικάζει

309 1901 410 1968 τὴν
438 1896 744 1967 φαντασίαν
770 1910 784 1925 ⁸
814 1897 1001 1949 εὐθέσι
1029 1896 1086 1948 δὲ
1119 1895 1337 1955 κλάδοις
1387 1895 1484 1952 τὰς
1538 1891 1753 1946 ἐκεῖθεν
1793 1891 1891 1942 ὲκ-

2075 1693 2446 1768 Ἣξθειοτέρα.
2460 1694 2560 1747 'llv
2577 1693 2952 1762 φανταστικὸν
2970 1690 3188 1757 πνεῦμα
3210 1688 3417 1758 κυρίως
3429 1682 3552 1742 εἷπε
3564 1729 3578 1743 .

2078 1787 2140 1841 Ἠ
2166 1787 2420 1856 ἇμεσος.
2460 1784 2562 1839 Ἢν
2590 1785 2854 1855 ἀνωτέρω
2883 1783 3113 1854 πρώτην
3144 1776 3288 1846 εἷπε,
3319 1779 3417 1835 νῦν
3443 1781 3584 1852 ἆμε-

1999 1899 2091 1946 σος
2117 1882 2342 1948 λέγεται
2367 1878 2673 1949 φαντασία.

311 1956 653 2058 ϐέλλομένας
690 1988 957 2056 δυνάμεις
995 1987 1167 2056 αὐτῆς
1211 1988 1344 2056 ἄχρι
1402 1985 1513 2038 τῶν
1571 1983 1892 2054 ὀργανικῶν
1931 1956 1970 2010 Β
2071 1972 2439 2043 Σωματικάς.
2471 1971 2543 2026 Ἦ
2572 1970 2650 2032 ὡς
2686 1969 2757 2023 τὰ
2790 1966 3148 2058 αἰσθητήρια-

312 2080 716 2151 αἰσθητηρίων,
757 2079 957 2150 ὕψεως,
1017 2079 1184 2146 λέγω,
1236 2078 1330 2131 καὶ
1371 2075 1570 2145 ἀκοῆς,
1626 2075 1724 2126 καὶ
1782 2073 1891 2124 τῶν

309 2166 488 2224 ἄλλων
518 2168 712 2241 τριῶν,
739 2170 807 2233 ἀς
843 2171 908 2240 δὴ
935 2170 1123 2234 πάσας
1163 2169 1296 2238 μίαν
1329 2170 1431 2238 μέν
1488 2181 1625 2236 φησι
1657 2165 1800 2219 κατά
1828 2180 1888 2216 τε

311 2260 373 2313 τὸ
409 2261 638 2330 κέντρον
670 2261 764 2314 καὶ
785 2261 887 2330 τὴν
913 2260 1070 2330 ῥίζαν
1094 2259 1487 2329 θεωρουμένας
1512 2274 1526 2289 ο
1581 2257 1812 2320 πολλὰς
1836 2256 1894 2309 δὲ

313 2352 456 2404 κατά
480 2352 580 2423 τὴν
607 2353 828 2410 ἐκεῖθεν,
854 2353 1083 2424 πρόοδον
1123 2354 1223 2408 καὶ
1243 2351 1580 2417 ὲξάπλωσιν.
1606 2350 1722 2424 Τὴν
1765 2350 1894 2419 μέν·

313 2461 399 2497 τοι
432 2445 742 2512 φαντασίαν
774 2445 923 2512 λέγει
958 2445 1148 2513 κοινὴν
1192 2443 1480 2518 αἴσθησιν,
1541 2443 1636 2496 καὶ
1688 2442 1895 2510 κυρίως

316 2537 575 2603 αἴσθησιν
612 2538 708 2588 καὶ
740 2537 1054 2607 θειοτέραν,
1095 2537 1192 2590 ἆτε
1225 2536 1449 2605 ἀμέσως
1498 2535 1804 2606 ὁμιλοῦσαν
1825 2537 1892 2605 τῇ

315 2628 481 2697 νοερᾷ
517 2626 706 2697 ψυχῇ·
734 2625 1132 2696 ζῶωδεστάτην
1161 2627 1219 2680 δὲ
1271 2628 1367 2680 καὶ
1425 2627 1744 2698 παχυτέραν
1799 2629 1894 2680 καὶ

316 2723 779 2792 καταχρηστικῶς
810 2721 1228 2792 ὀνομαζομένην
1274 2722 1535 2790 αἴσθησιν
1584 2721 1686 2792 τὴν
1738 2723 1895 2792 ἐνερ-

316 2814 518 2880 γοῦσαν
547 2815 639 2868 διὰ
681 2814 794 2869 τῶν
838 2814 1310 2885 προϐεϐλημένων
1361 2817 1456 2866 καὶ
1484 2815 1892 2885 προκειμένων,

318 2906 416 2957 καὶ
446 2906 791 2975 φαινομένων
822 2906 1228 2976 αἰσθητηρίων,
1250 2905 1576 2976 ὀφθαλμῶν,
1610 2923 1684 2973 φη
1697 2906 1780 2974 μὶ,
1803 2907 1898 2958 καὶ

218 3003 228 3012 ·
317 2995 635 3061 ὡτίων,·καὶ
661 2995 830 3067 ῥινὸς,
865 2997 957 3048 καὶ
991 2995 1100 3048 τῶν
1120 2995 1272 3064 ἑξῆς.

390 3086 818 3154 Ζωωδεστὰτη.
852 3086 950 3141 Διά
970 3090 1068 3157 τῆς
1101 3086 1456 3156 ὑπερθέσεως
1489 3086 1763 3154 ἐδήλωσεν
1815 3085 1898 3138 ὅτι

320 3177 630 3247 παχυτέρα.

2081 2064 2427 2134 Τεθεάμεθα.
2462 2062 2569 2117 Καὶ
2594 2062 2631 2130 ἀ
2656 2060 2983 2131 ἀκηκόαμεν
3013 2056 3278 2128 δηλονότι.

2083 2156 2147 2207 '0
2180 2153 2248 2208 δὲ
2283 2153 2591 2222 ψεύδεται.
2621 2149 2887 2221 ’Διάςτρία
2915 2147 3112 2213 ταῦτα,
3134 2148 3298 2214 φησι,
3327 2145 3600 2216 ψεύδεται-

2003 2249 2031 2299 ὀ
2057 2244 2357 2316 ὀφθαλμὸς,
2385 2245 2602 2316 πρῶτον
2640 2243 2733 2296 διά
2760 2243 2862 2311 τὴν
2894 2241 3062 2310 φύσιν
3110 2240 3222 2292 τῶν
3258 2239 3584 2309 ὁρωμένων,

2002 2335 2192 2405 ὥσπερ
2218 2336 2278 2389 τὺ
2326 2335 2534 2399 ταῶνος
2594 2335 2796 2403 πτερὸν
2857 2334 3002 2387 κατὰ
3047 2333 3146 2402 τὴν
3215 2331 3379 2384 ποιάν
3437 2331 3590 2384 θέσιν

2002 2426 2238 2496 διάφορα
2264 2423 2503 2480 δεικνύει
2533 2411 2612 2478 τάί
2643 2420 2914 2494 χρώματα
2934 2439 2948 2452 ·
2985 2421 3241 2489 δεύτερον
3263 2420 3345 2482 δὶ.
3378 2420 3470 2474 διὰ
3496 2417 3592 2472 τδν

2005 2521 2144 2588 ἀέρα
2171 2519 2268 2573 καὶ
2289 2519 2351 2572 τὸ
2381 2517 2552 2588 ὕδωρ,
2588 2519 2686 2572 καὶ
2710 2517 2773 2570 τὸ
2802 2516 3108 2584 διάστημα.
3133 2516 3244 2567 Καὶ
3271 2514 3383 2591 γὰρ
3431 2515 3461 2566 ὁ
3490 2513 3591 2582 μὲν

2005 2613 2114 2680 ἀὴρ
2135 2610 2268 2665 ποτὲ
2295 2611 2398 2680 μὲν
2434 2609 2603 2680 ὑγρὸς
2628 2609 2724 2663 καὶ
2756 2607 2963 2678 παχὺς,
2999 2608 3131 2659 ποτὲ
3164 2607 3222 2659 δὲ
3279 2606 3441 2676 ξηρὸς
3495 2609 3590 2658 καὶ

2004 2702 2238 2764 λεπτόςο
2280 2700 2458 2756 καὶτὸ
2511 2699 2794 2768 διάστημα
2849 2702 2944 2750 του
3005 2696 3286 2766 ὁρωμένου
3322 2696 3454 2748 ποτὲ
3491 2694 3594 2764 μὲν

2007 2792 2204 2862 βραχὺ,
2229 2791 2360 2843 ποτὲ
2387 2789 2445 2843 δὲ
2475 2789 2614 2843 πολύ
2641 2805 2656 2820 ⁶
2705 2788 2801 2842 καὶ
2853 2787 3059 2856 τρίτον,
3109 2787 3200 2841 διὰ
3248 2786 3349 2856 τὴν
3395 2784 3594 2839 ἑαυτοῦ

2007 2882 2336 2952 ἀδυναμίαν.

2088 2973 2379 3028 Ψεύδεται
2431 2973 2555 3027 καί.
2616 2970 2729 3025 Καὶ
2786 2971 2893 3040 γὰρ
2955 2971 3048 3023 καὶ
3118 2969 3304 3032 αὐτὸς,
3340 2967 3527 3037 φησὶν,
3565 2969 3597 3021 ὁ

2007 3065 2287 3135 ὀφθαλμὸς
2318 3063 2598 3134 ψεύδεται.

2080 3156 2190 3212 Καὶ
2216 3157 2292 3212 δι’
2312 3150 2421 3212 ὧν.
2452 3158 2523 3211 Ἢ
2547 3157 2625 3222 ὡς
2641 3156 2736 3212 τοῦ
2766 3157 2926 3229 ἀέρος
2950 3156 3049 3209 καὶ
3075 3154 3171 3208 τοῦ
3197 3154 3598 3224 διαστήματος.

393 3334 699 3405 Dispensat.
729 3335 1105 3391 Consimiliter
1145 3345 1311 3404 atque
1348 3335 1402 3389 in
1437 3342 1673 3389 attracto
1706 3350 1804 3404 per
1840 3335 1904 3388 li-

2030 3318 2631 3391 rcntiaque,sentiendi
2673 3331 2899 3387 organa,
2931 3316 3222 3371 oculorum
3262 3316 3411 3379 dico,
3449 3314 3616 3372 auri--

321 3427 522 3480 stulam
552 3441 716 3493 aere;
757 3426 1050 3482 uniformis
1074 3425 1222 3482 enim
1256 3441 1382 3481 cum
1412 3425 1505 3490 sit,
1538 3427 1784 3481 variatur
1812 3441 1910 3497 per

325 3519 476 3574 tibia:
512 3519 786 3573 foramina
832 3519 1046 3582 exiens,
1096 3518 1313 3574 acutior
1361 3517 1614 3581 effectus,
1648 3526 1743 3572 aut
1780 3533 1907 3589 gra-
1969 3517 1977 3537 ’·

323 3613 465 3678 vior,
514 3623 609 3667 aut
658 3611 1042 3678 intermedius,
1081 3613 1168 3667 vel
1202 3625 1542 3676 consonans,
1582 3613 1664 3666 vel
1717 3611 1910 3691 incon-

324 3718 538 3759 ctnuus.

395 3865 470 3932 Ᾰε
499 3890 622 3934 sunt
654 3880 839 3936 ueluti.
873 3879 946 3936 De
987 3892 1182 3936 centro
1227 3897 1293 3936 ac
1350 3881 1516 3937 rectis
1547 3883 1709 3944 lineis
1741 3883 1909 3937 verba

326 3973 558 4038 faciens,
591 3972 800 4028 virtute
828 3984 886 4028 et
919 3983 1193 4043 potestate
1220 3974 1388 4029 simul
1420 3973 1756 4028 mentionem
1785 3957 1913 4028 fecit

327 4065 522 4118 circuli
551 4073 648 4119 aut
693 4065 838 4135 globi
876 4081 894 4123 :
937 4065 1214 4134 siquidem
1275 4065 1395 4123 fieri
1446 4084 1557 4122 non
1622 4080 1806 4138 potest
1855 4079 1914 4125 ut

327 4166 580 4212 centrum
611 4158 997 4213 consideretur
1017 4167 1074 4214 et
1096 4159 1444 4228 exeogitetur
1469 4161 1586 4215 sine
1617 4161 1830 4217 circulo
1858 4173 1914 4217 et

327 4248 562 4318 sphaera,
603 4248 1066 4320 quemadmodum
1115 4250 1355 4305 circulus
1388 4261 1483 4306 aut
1532 4253 1750 4320 διώξει-ο
1793 4253 1912 4311 sine

329 4350 544 4393 centro.
575 4341 842 4395 Asserunt
873 4340 1057 4410 igitur
1098 4342 1449 4412 geometricas
1499 4341 1865 4401 deﬁnitiones
1892 4387 1906 4408 .

330 4432 598 4486 circulum
627 4447 747 4486 esse
787 4432 1032 4503 figuram
1074 4436 1291 4504 planam
1324 4447 1382 4490 et
1412 4436 1577 4491 latam
1611 4439 1714 4493 sub
1747 4439 1908 4495 unica

333 4521 476 4576 linea
505 4522 915 4590 circumactam,
965 4541 1092 4593 qua!
1136 4537 1368 4581 vocatur
1412 4527 1864 4585 circumferentia
1894 4575 1907 4596 ,

2012 3411 2285 3478 cnlarum,
2315 3412 2535 3466 narium
2568 3425 2633 3465 ac
2657 3409 3022 3478 reliquorum.

2082 3501 2312 3556 Maxime
2363 3513 2438 3556 est
2473 3500 2748 3555 animalis.
2789 3498 3043 3556 Ostendit
3074 3515 3170 3568 per
3195 3500 3598 3569 superlativum

2013 3594 2242 3664 gradum
2283 3593 2736 3664 imaginationem
2771 3592 3105 3649 crassiorem
3148 3606 3214 3646 ac
3251 3593 3599 3662 pinguiorem

2012 3702 2156 3742 esse.

2010 3829 2011 3832 η
2086 3776 2312 3834 Sensus.
2343 3776 2482 3833 Nam
2521 3792 2697 3848 usque
2727 3777 2794 3832 ad
2820 3776 3248 3833 crassitudinem
3285 3791 3348 3833 ac
3373 3775 3604 3846 pingue-

2017 3873 2204 3927 dinem
2235 3871 2541 3942 saginatur,
2588 3879 2646 3926 et
2695 3869 2778 3924 sic
2831 3883 3006 3939 capax
3033 3876 3120 3924 est
3153 3883 3338 3923 rerum
3385 3884 3506 3938 quae
3546 3869 3603 3924 in

2015 3949 2370 4034 generatione
2395 3971 2454 4018 et
2477 3962 2836 4030 corruptione
2858 3960 3309 4016 considerantur.

2091 4054 2351 4109 Diuinior.
2381 4053 2554 4121 Quem
2613 4054 2838 4124 proprie
2882 4054 3144 4124 Spiritum
3176 4054 3594 4123 plrantasticum

2018 4149 2178 4203 dixit.
2605 4211 2609 4216 _

2088 4241 2439 4296 Inunerﬁatus
2469 4256 2672 4294 sensus.
2701 4239 2876 4308 Quem
2922 4256 3095 4312 supra
3128 4242 3368 4310 primum
3418 4242 3606 4300 dixit:

2019 4348 2166 4388 nunc
2200 4333 2551 4386 immediatus
2580 4347 2778 4388 sensus
2809 4333 3018 4388 dicitur
3047 4334 3390 4406 imaginatio.

2091 4429 2248 4495 Quod
2277 4429 2321 4482 si
2348 4443 2529 4482 sensus
2556 4443 2859 4498 corporeos.
2891 4426 3006 4486 Hoc
3039 4440 3126 4486 est
3151 4470 3168 4496 ,
3199 4433 3473 4490 sentiendi
3512 4448 3609 4490 or-

2018 4539 2178 4596 gana.

334 4613 402 4665 ad
428 4630 590 4682 quam
620 4629 741 4684 quae
771 4629 802 4669 a
828 4624 1024 4671 centro
1053 4618 1336 4672 ducuntur
1367 4619 1526 4674 linea:
1553 4630 1741 4685 rectae,
1771 4622 1915 4676 inter
1948 4647 1996 4700 ι)
2103 4615 2364 4670 νίάὶηιιω·
2400 4614 2663 4675 “demet
2702 4629 2758 4676 θῑ
2786 4636 2908 4690 qua?
2935 4620 3270 4676 3"diVimus-

333 4716 539 4760 sesnnt
563 4708 1083 4774 mqttales._Pt'oinde
1106 4709 1211 4764 hoc
1234 4710 1288 4764 in
1308 4710 1426 4766 loco
1445 4711 1787 4781 phantasiam
1813 4729 1910 4768 seu

333 4798 780 4866 imaginationem
812 4809 1003 4854 centro
1033 4809 1200 4870 atque
1230 4801 1400 4857 radici
1435 4802 1723 4868 assimilat,
1750 4806 1918 4861 rectis

333 4899 514 4943 autem
558 4890 726 4944 ramis
771 4901 828 4945 et
877 4891 1042 4946 lineis
1070 4895 1304 4948 emissas
1348 4902 1405 4948 ut
1450 4907 1718 4950 exeuntes
1763 4897 1917 4951 illinc

336 4985 509 5052 ipsius
542 4986 708 5048 vires,
745 5001 917 5056 usque
940 4986 1006 5040 ad
1045 5004 1242 5042 sensus
1271 4990 1588 5060 organicos,
1627 4990 1802 5056 visus,
1836 4992 1918 5045 in-

335 5064 522 5142 quam,
550 5077 792 5140 auditus,
816 5087 872 5131 et
899 5078 1133 5132 aliorum
1167 5080 1357 5145 trium,
1386 5097 1528 5150 quos
1549 5082 1784 5152 quidem
1804 5099 1921 5137 om-

335 5187 435 5224 nes
477 5186 641 5224 unam
671 5170 919 5240 profecto
958 5172 1094 5227 dicit
1142 5173 1208 5239 ad
1261 5183 1516 5229 centrum
1567 5177 1922 5245 radicumque

340 5274 588 5330 spectare
619 5277 632 5312 :
663 5263 865 5316 multas
899 5279 1030 5318 vero
1060 5275 1330 5333 quantum
1359 5267 1425 5319 ad
1473 5282 1816 5337 progressam
1856 5269 1922 5321 il-

337 5355 448 5408 linc
475 5355 940 5423 explanationem.
981 5356 1144 5425 Atqui
1194 5356 1644 5426 imaginationem
1703 5376 1924 5414 sensum

341 5458 501 5500 vocat
527 5461 900 5510 communem,
927 5456 982 5500 et
1013 5448 1233 5518 proprie
1255 5448 1498 5503 divinius
1528 5450 1806 5505 sentiendi
1838 5466 1928 5503 or-

344 5555 568 5609 ganum,
609 5540 870 5593 nimirum
911 5540 1226 5596 immediate
1257 5551 1568 5596 versantem
1605 5558 1729 5597 cum
1758 5543 1925 5596 animi

347 5644 500 5702 parte
539 5649 660 5702 quae
696 5633 1074 5702 intelligentiae
1106 5645 1162 5689 ct
1195 5635 1423 5689 rationis
1453 5650 1623 5705 capax
1669 5646 1756 5691 est
1792 5654 1804 5687 :
1833 5638 1926 5689 sed

348 5726 585 5780 maxime
616 5727 932 5790 animalem,
970 5727 1296 5792 belluinam,
1337 5730 1702 5792 crassiorem,
1729 5742 1929 5796 corpu-

348 5819 660 5880 lentiorcm.
695 5830 750 5873 ct
779 5818 1008 5873 abusive
1035 5819 1372 5872 nmuinatam
1406 5835 1626 5873 sensum
1658 5819 1928 5872 efﬁciendi

351 5912 405 5968 vi
448 5913 760 5978 puditum,
797 5923 1021 5982 propter
1053 5913 1305 5982 Opposita
1333 5922 1385 5966 et
1418 5921 1736 5980 evpnrrecta
1770 5927 1935 5977 appa-

2091 4705 2318 4777 Decipit.
2351 4706 2599 4778 P‘rOpter-
2620 4711 2732 4767 ista.
2777 4715 2906 4778 tria,
2932 4711 3030 4778 ait,
3074 4712 3342 4766 mentitur
3371 4713 3567 4765 oculus
3594 4751 3609 4775 ,

2021 4798 2075 4851 in
2113 4801 2309 4869 primis
2359 4801 2431 4857 ob
2481 4812 2738 4856 naturam
2770 4820 2968 4859 eorum
3009 4820 3134 4874 quae
3179 4805 3283 4860 sub
3325 4814 3611 4873 aspectum

1963 4973 1965 4975 ι
2021 4891 2754 4958 cadunt,qutetnadrnodnm
2789 4899 3024 4967 pavonis
3079 4900 3280 4968 penna
3313 4913 3410 4966 pro
3457 4907 3615 4952 certo

2023 4984 2261 5052 quodam
2310 4985 2417 5039 situ
2473 4986 2775 5044 distinctos
2827 4989 3072 5046 ostendit
3120 4991 3358 5045 colores.
3406 4991 3613 5044 Deinde

2025 5083 2248 5146 propter
2278 5093 2466 5132 acrem
2518 5089 2576 5134 et
2603 5096 2806 5149 aquam
2836 5121 2851 5145 ,
2890 5091 2949 5137 et
2981 5082 3371 5146 intervallm";
3407 5082 3612 5136 etenim

2025 5187 2119 5224 aer
2142 5169 2368 5238 quidem
2401 5170 2680 5228 interdum
2714 5172 2978 5228 humidus
3009 5183 3094 5228 est
3136 5183 3192 5227 cl.
3234 5190 3472 5233 crassus,
3509 5175 3616 5228 ali-

2026 5261 2245 5331 quoties
2272 5277 2402 5316 vero
2432 5265 2614 5320 siccus
2636 5280 2699 5320 ac
2725 5265 2926 5320 tennis.
2960 5266 3029 5320 Et
3057 5267 3298 5334 spatium
3322 5265 3443 5334 ejus
3462 5267 3610 5333 quod

2030 5355 2131 5409 sub
2163 5366 2444 5425 aspectum
2476 5357 2624 5410 cadit
2658 5374 3054 5427 nonnunquam
3090 5367 3176 5412 est
3204 5359 3461 5424 exiguum
3484 5399 3496 5418 .
3531 5360 3618 5411 in-

2034 5449 2246 5502 terdutn
2290 5465 2418 5504 vero
2449 5451 2716 5518 amplum.
2755 5449 2946 5506 Tertio
2977 5461 3203 5522 propter
3243 5466 3397 5504 suam
3434 5451 3616 5518 impo-

2034 5541 2280 5596 tentiam.

2108 5634 2330 5703 Decipit.
2372 5636 2610 5720 Etenim,
2644 5637 2738 5702 ait,
2774 5636 3005 5705 ipsemet
3037 5636 3231 5691 oculus
3276 5635 3435 5701 iailit,
3468 5649 3622 5689 men-

2040 5731 2170 5780 titur
2209 5744 2270 5782 ac
2305 5729 2529 5797 decipit.

2115 5821 2177 5871 lit
2215 5837 2305 5890 per
2337 5839 2454 5890 qna-
2490 5834 2801 5876 cernuntur.
2843 5823 3066 5880 Scilicet
3103 5840 3195 5894 per
3225 5839 3409 5878 acrem
3445 5831 3500 5879 ct
3530 5823 3622 5880 in-

2043 5913 2336 5974 teriectum
2373 5915 2648 5970 sontium-
3132 5912 3135 5916 ’
