4050 6548
279 534 311 594 7
332 531 396 593 ιθ
1578 520 2011 583 BEFUTATIO
2060 518 2252 579 NILI.
3443 507 3551 567 ’146

280 646 336 698 δὲ
364 642 522 696 τούτο
556 642 651 693 καὶ
680 639 758 707 τῷ
792 638 951 708 πάπα
986 636 1162 690 κοινόν
1192 653 1206 701 ;
1243 635 1359 688 Οὐκ
1384 634 1493 703 ἄρα
1520 634 1661 686 κατά
1680 632 1864 686 πάντα

1970 628 2093 697 quis
2120 626 2321 681 habere
2353 626 2458 680 hoc
2486 624 2633 678 dicat
2661 632 2717 676 et
2745 620 2983 691 papam?
3018 618 3136 673 Non
3165 630 3249 673 est
3302 618 3466 689 igitur
3493 621 3546 673 in

281 736 308 785 ὁ
356 734 577 801 Ῥώμης
622 729 717 784 τοῦ
755 731 964 797 Πέτρου
1007 726 1274 796 διάδοχος,
1314 725 1450 795 ἀλλά
1500 724 1620 777 κατ’
1674 723 1863 776 ἐκεῖνα

1970 717 2225 773 omnibus
2268 730 2407 787 papa
2446 728 2739 769 successor
2790 712 2958 777 Petri,
3013 712 3109 767 sed
3148 710 3203 765 in
3236 711 3305 766 iis
3337 720 3549 765 tantum

286 825 477 892 μόνον,
504 822 631 878 καθ’
662 821 697 875 ἀ
733 820 823 874 καὶ
852 818 962 873 τῶν
1001 820 1092 872 ὑπ’
1118 818 1335 903 ἐκεξνου
1367 814 1862 887 χειροτονηθέντων

1970 812 2022 865 in
2050 810 2252 879 quibus
2280 823 2572 866 successor
2598 807 2765 863 etiam
2790 816 2877 863 est
2899 806 3130 877 quilibet
3160 806 3551 875 episcoporum

281 916 537 979 ἕκαστος.
1149 904 1177 942 ³

855 1046 1293 1101 ΑΝΤΙΡΡΠΣΙΣ.

352 1164 534 1227 Πολλὰ
562 1166 921 1235 συμπλέκεις,
955 1164 1124 1217 πολλά
1159 1160 1492 1230 συμφύρεις,
1532 1159 1630 1212 καὶ
1660 1156 1863 1219 πολλὰς

278 1258 642 1328 ὲπισωρεύων
698 1257 985 1328 διαφορὰς,
1023 1254 1147 1309 καθ’
1200 1253 1260 1307 ἓν
1310 1252 1476 1322 μόνον
1529 1252 1711 1317 λέγεις
1767 1248 1879 1302 καὶ·

282 1351 443 1405 τοῦτο
481 1349 732 1419 μερικὺν,
768 1348 1053 1401 κοινωνεῖν
1082 1346 1174 1399 τὸν
1207 1346 1417 1417 Πέτρον
1450 1344 1544 1396 καὶ
1571 1342 1695 1404 τοὺς
1746 1340 1863 1395 δια-

281 1444 491 1512 δόχους.
526 1438 664 1496 Εἶτα
716 1440 779 1493 τὸ
834 1438 1195 1508 καιριώτατον
1246 1438 1346 1506 τῆς
1404 1434 1714 1496 ὑποθέσεως
1770 1434 1866 1486 καὶ⁹

284 1534 627 1605 κυριώτατον
685 1532 1035 1601 παραλιπὼν,
1095 1529 1417 1607 συγχύσεως
1479 1530 1574 1582 καὶ
1634 1526 1865 1617 ἀταξίας

283 1624 531 1696 ἐμφαίνῃ
582 1622 925 1684 διδάσκαλος.
977 1622 1237 1691 Διάδοχον
1272 1620 1454 1689 λέγεις
1501 1618 1599 1672 τοῦ
1651 1618 1862 1689 Πέτρου

282 1717 619 1773 τὸν,πάπαν
669 1716 807 1769 καθὸ
854 1715 1182 1780 ἐπίσκοπος,
1211 1713 1286 1775 ὡς
1338 1713 1435 1765 καὶ
1486 1712 1718 1774 ἕκαστος
1754 1711 1865 1764 τῶν

290 1810 381 1861 ὑπ’
409 1810 618 1862 ἐκείνου
653 1807 1149 1881 χειροτονηθέντων
1194 1805 1513 1859 ἐπισκόπων
1537 1818 1552 1836 ⁶
1586 1804 1867 1868 ἀπόδειξιν

1966 919 1998 958 a
2025 903 2187 961 Petro
2219 903 2627 960 ordinaturum.

2513 1036 2982 1095 CONFUTATIO.

2040 1156 2209 1212 Multa
2244 1154 2552 1218 eonnectis,
2580 1154 2750 1207 multa
2775 1149 3087 1217 confundis,
3106 1159 3161 1204 et
3177 1149 3365 1204 multis
3396 1147 3554 1203 diffe-

1968 1250 2164 1306 rentiis
2217 1250 2430 1319 positus
2480 1260 2650 1301 unum
2686 1253 2919 1309 tantum
2960 1256 3084 1297 esse
3137 1241 3218 1295 ais
3258 1254 3553 1295 commune

1933 1327 2132 1396 'Petro
2166 1348 2223 1393 et
2274 1337 2714 1400 successoribus,
2765 1334 2930 1403 idque
2979 1333 3296 1403 privatum;
3332 1340 3389 1385 et
3418 1347 3564 1400 [ποι-τ.

1942 1435 2100 1489 ‘teris
2129 1433 2274 1503 quod
2297 1431 2594 1498 maximum
2629 1441 2685 1487 et
2710 1425 3223 1496 praestantissimum
3248 1432 3335 1478 est
3370 1424 3423 1477 in
3452 1422 3555 1477 hac

1968 1525 2222 1589 materia,
2257 1525 2432 1594 ﬁsque
2486 1519 2830 1576 confusionis
2862 1528 2918 1573 et
2974 1517 3403 1572 inordinationis
3435 1530 3551 1568 ma-

1969 1618 2162 1690 gister.
2192 1616 2583 1671 Successorem
2616 1610 2765 1666 Petri
2785 1610 2865 1665 ais
2892 1623 3110 1679 papam,
3130 1607 3550 1677 utepiscupum,

1970 1718 2031 1764 ut
2064 1706 2297 1778 quilibet
2319 1705 2709 1776 episcoporum
2764 1718 2791 1757 a
2823 1704 3008 1777 _Pe'tro
3053 1701 3462 1767 ordinatorum,
3499 1712 3557 1757 et

1971 1803 2136 1872 hujus
2187 1809 2293 1855 tuae
2340 1799 2634 1869 positionis
2694 1797 2907 1850 nullum
2957 1795 3123 1850 affers
3175 1795 3555 1850 testimonium

286 1903 342 1955 δὲ
385 1902 590 1969 ταύτης
625 1918 722 1954 σου
749 1880 871 1969 τῆς
922 1900 1125 1963 θέσεως
1178 1897 1440 1966 οὐδεμίαν
1488 1896 1677 1965 φέρεις
1704 1909 1719 1923 ·
1750 1894 1866 1949 ἀλλ’

1972 1910 2082 1965 quo
2113 1894 2412 1963 probetur;
2447 1892 2543 1946 sed
2573 1891 2818 1960 magistri
2841 1880 3171 1943 a’uctoritate
3207 1890 3554 1958 pronuntias,

286 1994 472 2057 ἔοικας
512 1997 593 2065 τῷ
632 1994 1033 2055 διδασκαλικῶς
1084 1990 1516 2061 ἀποφαινομένῳ
1568 1991 1662 2043 καὶ
1706 1987 1865 2057 νομο-

287 2086 556 2142 θετοῦντι.
593 2085 985 2155 Ἀντιτάξομεν
1011 2081 1102 2137 οὖν
1137 2085 1298 2154 ἡμεῖς
1326 2082 1450 2152 οὐχὶ
1480 2083 1551 2135 τὰ
1594 2079 1863 2151 ἡμέτερα,

288 2179 424 2235 ἀλλά
458 2180 540 2232 ’τά
572 2178 671 2249 τῆς
720 2178 885 2245 ἁγίας
936 2178 1209 2247 τετάρτης
1254 2162 1601 2240 συνόδον,’ἑξ
1627 2171 1702 2233 ὧν
1738 2176 1868 2229 ἐπέ-

292 2258 477 2327 «an:
532 2272 669 2343 προς
716 2271 808 2324 τὸν
858 2272 1049 2323 πάπαν
1076 2284 1091 2300 ⁸
1129 2288 1152 2321 ‹
1194 2268 1261 2323 Τί
1292 2268 1397 2342 γὰρ
1430 2270 1672 2333 πίστεως
1730 2269 1868 2339 πρὸς

289 2362 630 2433 εὐφροσύνην
660 2362 958 2429 ἀνώτεροι,
988 2362 1055 2428 ἣν
1089 2360 1254 2421 αὐτὸς
1282 2358 1472 2430 ὥσπερ
1508 2359 1722 2430 χρυσῆν
1756 2376 1867 2411 σει-

293 2459 394 2529 ρὰν
422 2456 499 2528 τῷ
531 2457 920 2526 προστάγματι
952 2453 1047 2507 τοῦ
1076 2453 1314 2522 θεμένου
1366 2438 1754 2524 καταγομένην
1790 2454 1871 2516 εἰς

287 2551 440 2620 ἡμᾶς
482 2548 835 2616 διεφύλαξας,
875 2546 1011 2600 πᾶσι
1069 2546 1170 2614 τῆς
1203 2545 1294 2599 τοῦ
1338 2546 1615 2615 μακαρίου
1658 2545 1868 2615 Πέτρου

291 2642 473 2712 φωνῆς
499 2642 775 2712 ἑρμηνεὺς
807 2638 1248 2707 adtendat-ww;
1284 2635 1455 2692 Ὅθεν
1487 2639 1582 2691 καὶ
1611 2639 1771 2707 ἡμεῖς
1796 2638 1871 2699 ὡς

289 2733 521 2803 ἀρχηγῷ
552 2750 635 2785 σοι
664 2730 759 2785 τοῦ
797 2731 965 2784 καλοῦ
1010 2731 1149 2802 πρὸς
1185 2729 1458 2800 ὠφέλειαν
1503 2732 1869 2801 χρησάμενοι,

285 2828 405 2882 τοῖς
432 2825 530 2894 τῆς
566 2824 894 2893 Ἐκκλησίας
947 2823 1163 2885 τέκνοις
1210 2822 1302 2875 τὸν
1352 2822 1555 2893 κλῆρον
1609 2824 1709 2893 τῆς
1739 2825 1872 2893 ἀλη-

1970 1995 2027 2041 et
2057 1984 2258 2040 statuis
2311 1998 2465 2038 more
2520 1981 2873 2048 legislatoris.
2904 1979 3260 2051 Opponemus
3296 1996 3425 2050 ergo
3456 1997 3562 2037 nos

1971 2079 2069 2135 tibi
2126 2093 2236 2132 non
2289 2086 2476 2131 nostra
2503 2117 2517 2142 ,
2550 2074 2647 2131 sed
2680 2089 2848 2130 voces
2895 2083 3098 2129 sanetae
3128 2074 3321 2144 synodi
3348 2084 3560 2144 quarta:

1969 2187 2037 2225 ex
2066 2150 2299 2239 epistola
2326 2170 2445 2240 ejus
2470 2169 2537 2224 ad
2564 2183 2758 2238 papam
2795 2186 2817 2239 ι,
2849 2187 2866 2220 ι
2910 2167 3052 2233 Quid
3092 2169 3237 2223 enim
3268 2167 3336 2222 ad
3372 2167 3593 2225 fere)»,

1973 2264 2097 2318 dam
2126 2263 2374 2319 laetitiam
2412 2262 2517 2318 ﬁde
2542 2247 2857 2325 sublimius,
2880 2278 3044 2332 quam
3072 2271 3126 2317 tu
3159 2262 3307 2318 velut
3334 2279 3561 2319 auream

1974 2366 2249 2420 catenam,
2302 2354 2579 2425 prazcepto
2630 2352 2961 2425 legislaturis
3007 2355 3302 2410 deductam
3335 2356 3403 2411 ad
3459 2374 3563 2415 nos

1974 2450 2229 2517 servasti,
2260 2451 2520 2505 omnibus
2547 2449 2694 2503 beati
2747 2449 2893 2504 Petri
2926 2450 3077 2503 vocis
3104 2450 3441 2507 constitutus
3474 2453 3564 2507 in-

1971 2542 2227 2611 terpres?
2262 2543 2612 2612 Quapropter
2639 2551 2694 2596 et
2729 2557 2830 2596 nos
2868 2543 3005 2597 tanti
3051 2543 3179 2598 boni
3226 2554 3277 2599 te
3317 2544 3460 2601 duce
3506 2556 3565 2603 et

1960 2636 2204 2689 ‘auctore
2240 2634 2321 2689 usi
2358 2634 2424 2689 ad
2458 2634 2775 2697 utilitatem,
2826 2634 3085 2690 Ecclesia:
3115 2636 3241 2691 ﬁliis
3269 2626 3566 2695 haeredita-

1973 2732 2088 2781 tem
2121 2726 2372 2783 veritatis
2399 2728 2764 2783 ostendimus.
2804 2748 2823 2780 ι
2879 2728 2936 2782 ln
2971 2730 3057 2785 his
3092 2739 3280 2785 sancta
3317 2732 3563 2803 synodus

1972 2830 2137 2877 vocat
2173 2834 2371 2890 papam
2408 2826 2589 2876 aureae
2637 2819 2761 2876 ﬁdei
2795 2830 3002 2877 catena:
3050 2832 3478 2886 assentatorem.
3508 2835 3567 2881 et

286 2916 445 2981 θείας
487 2916 793 2983 ἐδείξαμεν.
854 2934 873 2967 ι
938 2916 1025 2969 Ἐν
1060 2906 1306 2977 ’τούτοις
1363 2917 1395 2985 ή
1464 2914 1593 2983 ἁγία
1653 2916 1868 2981 σύνοδος

1976 2914 2123 2969 Petri
2174 2914 2324 2968 vocis
2378 2914 2775 2984 interpretem;
2826 2925 2883 2970 et
2942 2915 3106 2971 ﬁdem
3180 2918 3259 2971 ait
3309 2933 3430 2973 esse
3508 2919 3561 2974 in

288 3010 444 3064 καλεῖ
487 3008 578 3062 τὸν
626 3011 817 3063 πάπαν
858 3008 957 3079 τῆς
989 3008 1198 3077 χρυσῆς
1246 3008 1439 3077 σειρᾶς
1476 3006 1717 3071 πίστεως
1770 3008 1868 3077 φύ-

1976 3020 2116 3075 papa
2150 3004 2401 3061 veritatis
2449 3003 2850 3061 haereditatem.
2889 3007 2956 3060 Et
3006 3006 3171 3072 infra,
3224 3009 3313 3062 ubi
3380 3024 3564 3064 sermo

289 3102 453 3168 λακα,
478 3102 575 3155 καὶ
608 3102 853 3171 ἑρμηνέα
883 3102 985 3170 τῆς
1014 3100 1199 3168 φωνῆς
1237 3100 1334 3153 τοῦ
1366 3102 1603 3171 Πέτρου,
1638 3103 1734 3155 καὶ
1768 3102 1868 3173 τὴν

1973 3090 2061 3151 est
2093 3096 2159 3151 de
2192 3097 2446 3153 Patribus
2500 3098 2735 3169 synodi:
2783 3118 2802 3151 ‹
2838 3099 3047 3166 Quibus
3077 3109 3157 3165 tu,
3203 3101 3405 3171 inquit,
3450 3102 3563 3157 dux

288 3196 475 3249 πίστιν
501 3196 557 3248 ὲν
588 3193 666 3262 τῷ
706 3194 866 3265 πάπᾳ
896 3193 1098 3262 κλῆρον
1138 3187 1280 3246 εἶναι
1313 3194 1414 3259 τῆς
1445 3194 1726 3264 ἀληθείας.
1760 3194 1868 3248 Καὶ

1976 3206 2125 3255 eras,
2160 3199 2221 3245 ut
2253 3201 2417 3260 caput
2466 3191 2751 3256 membris,
2802 3192 2855 3247 in
2891 3191 2959 3247 iis
2988 3192 3082 3261 qui
3109 3202 3230 3249 tuas
3260 3209 3425 3249 voces
3472 3211 3566 3266 ge-

288 3290 589 3359 κατωτέρω
640 3288 771 3358 περὶ
841 3290 941 3359 τῆς
992 3288 1326 3359 ὁμηγύρεως
1388 3290 1498 3343 τῶν
1552 3290 1868 3345 ἐπισκόπων

1980 3284 2176 3338 rebant
2208 3283 2652 3340 benevolentiam
2706 3284 3025 3355 praeferens.
3054 3305 3078 3341 ι
3125 3286 3184 3341 in
3237 3289 3323 3343 his
3377 3300 3566 3345 sancta

287 3379 387 3447 τῆς
419 3378 583 3445 ἁγίας
632 3377 811 3430 αὐτῶν
861 3378 1085 3430 συνόδου
1135 3378 1446 3447 γράφουσιν
1492 3378 1542 3431 οἱ
1590 3380 1867 3450 Πατέρες.

1977 3376 2223 3448 synodus
2274 3376 2478 3432 fatetur
2515 3393 2711 3448 papam
2764 3386 2964 3447 caput,
2998 3390 3230 3435 caeteros
3269 3381 3566 3453 episcopos

293 3488 315 3521 ς
354 3462 453 3522 Ὠν
505 3470 571 3521 σὺ
627 3470 728 3540 μὲν
772 3469 848 3533 ὡς
890 3467 1103 3539 κεφαλὴ
1170 3468 1353 3539 μελῶν
1395 3471 1751 3541 ήγεμάνευες,
1814 3474 1868 3525 ἐν

1979 3468 2246 3522 membra.
2284 3467 2527 3523 Aderant
2580 3480 2764 3524 autem
2798 3469 2854 3522 in
2894 3468 2983 3529 illa
3032 3471 3242 3541 synodo
3272 3472 3565 3529 Anatolius

285 3562 399 3623 τοῖς
430 3561 528 3632 τὴν
564 3561 663 3630 σὴν
693 3560 847 3625 τάξιν
873 3560 1137 3629 ἒπεχουσι
1169 3559 1269 3628 τὴν
1317 3558 1536 3613 εὔνοιαν
1563 3560 1869 3615 ἐπιδεικνύ-

289 3667 492 3720 μενος·
530 3670 550 3703 ›
597 3652 685 3704 Ἐν
720 3651 931 3716 τούτοις
964 3653 996 3721 ἡ
1026 3650 1160 3719 ἁγία
1204 3651 1426 3715 σύνοδος
1475 3653 1736 3723 ὁμολογεῖ
1778 3653 1871 3706 τὸν

287 3750 480 3799 πάπαν
520 3744 804 3814 κεφαλὴν,
856 3742 984 3808 τοῦς
1044 3744 1241 3809 ἄλλους
1298 3732 1640 3809 ἐπισκόπους
1678 3745 1867 3817 μέλη.

289 3841 479 3912 Παρῆν
514 3840 571 3892 δὲ
596 3841 652 3893 ἐν
674 3840 860 3911 ἐκείνῃ
892 3841 958 3909 τῇ
988 3839 1197 3908 συνόδῳ
1224 3840 1323 3892 καὶ
1366 3839 1681 3903 Ἀνατόλιος
1711 3839 1867 3892 Kon-

287 3927 814 3994 σταντινουπάλεως,
883 3929 980 3982 καὶ
1038 3927 1296 3997 Μάξιμος
1367 3927 1723 4000 Ἀντιοχείας,
1776 3929 1870 3984 καὶ

296 4021 656 4085 Ἷουὸενάλιος
698 4019 1112 4091 Ἱεροσολύμων.
1159 4022 1271 4075 Καὶ
1299 4022 1603 4091 κατωτέρω
1629 4037 1647 4054 ·
1685 4040 1704 4074 ι
1758 4022 1870 4074 Καὶ

288 4113 428 4183 πρὸς
470 4114 682 4176 τούτοις
729 4112 935 4166 ἅπασιν
989 4112 1071 4165 ἔτι
1126 4112 1222 4165 καὶ
1263 4112 1385 4166 κατ’
1416 4111 1590 4168 αὐτοῦ
1624 4112 1719 4191 τοᾷ
1766 4112 1870 4181 τῆς

286 4205 532 4274 ἀμπέλου
574 4205 677 4274 τὴν
732 4205 981 4273 φυλακὴν
1032 4204 1187 4275 παρά
1234 4204 1329 4258 τοῦ
1372 4204 1629 4277 Σωτῆρος
1677 4202 1872 4258 ’ἐπιτε-

284 4298 605 4369 τραμμένου
654 4297 755 4367 τὴν
818 4295 1021 4366 μανίαν
1071 4294 1336 4360 ἐξέτεινε,
1366 4293 1605 4363 λέγομεν
1650 4293 1717 4364 δὴ
1768 4293 1869 4362 τῆς

288 4390 391 4459 σῆς
430 4390 733 4459 ὁσιότητος.
779 4406 798 4441 ι
832 4390 923 4442 Ἐν
964 4387 1180 4459 τούτοις
1206 4389 1240 4457 ἡ
1272 4386 1407 4455 ἁγία
1443 4386 1661 4451 σύνοδος
1690 4386 1871 4455 ἄμπε-

286 4482 378 4538 λον
411 4482 783 4552 εὒαγγελικῶς
831 4482 932 4553 τὴν
972 4480 1332 4550 Ἐκκλησίαν,
1364 4477 1756 4550 ἀμπελουργδν
1786 4478 1870 4532 λέ-

284 4591 374 4643 γει
395 4574 486 4629 τὸν
510 4573 723 4637 πάπαν,
766 4578 916 4637 παρα
946 4570 1038 4623 τοῦ
1067 4568 1337 4638 Σωτῆρος,
1362 4566 1605 4636 Χριστοῦ
1632 4566 1868 4623 λαθόντα

286 4668 387 4739 τὴν
418 4664 861 4739 ἀμπελουργίαν.
896 4662 1006 4715 Καὶ
1039 4662 1341 4729 κατωτέρω
1365 4671 1393 4689 ⁸·
1418 4646 1447 4711 ι
1478 4658 1870 4728 Πεπεισμὲνοι,

282 4760 359 4822 ὡς
391 4758 489 4831 τῆς
534 4755 905 4820 ἀποστολικῆς
939 4750 1072 4809 παρ’
1099 4751 1228 4821 ὑμῖν
1274 4749 1583 4821 κρατούσης
1629 4751 1873 4817 ἀκτῖνος,

285 4855 382 4907 καὶ
440 4852 532 4905 ἀπὶ
599 4852 701 4920 τὴν
761 4850 820 4902 ἐν
890 4844 1478 4901 Κωνσταντινουπόλει
1540 4842 1874 4914 Ἐκκλησίαν

285 4943 533 5015 συνήθως
564 4940 856 5013 κηδόμενοι
889 4938 1152 5001 πολλάκις
1202 4924 1408 5007 ταύτην
1437 4934 1757 5005 ήπλώσατε,
1783 4935 1872 4988 διὰ

280 5038 345 5091 τὸ
374 5036 612 5107 ἄφθονον
644 5034 914 5104 ὑπάρχειν
946 5032 1080 5102 ἡμῖν
1106 5029 1209 5101 τὴν
1247 5030 1357 5083 τῶν
1389 5028 1613 5084 οἰκείων
1643 5027 1871 5097 ἀγαθῶν

284 5132 421 5201 πρὸς
470 5131 597 5192 τοὺς
627 5129 888 5197 γνησίους
940 5124 1259 5198 μετάδοσιν.
1297 5142 1316 5175 ι
1355 5124 1467 5177 Καὶ
1531 5124 1865 5192 κατωτέρωο

286 5244 306 5276 ι
342 5224 580 5289 Εἰδότες,
620 5221 697 5286 ὡς
777 5223 889 5274 πᾶν
937 5220 1091 5291 παρά
1139 5217 1251 5272 τῶν
1300 5216 1514 5272 τέκνων
1577 5219 1871 5289 γινόμενον

282 5317 617 5389 κατόρθωμα
664 5317 745 5381 είς
792 5316 921 5378 τοὺς
967 5315 1380 5383 οἰκειουμένους
1434 5314 1687 5384 Πατέρας
1732 5313 1868 5367 ἀνα·

1974 3557 2644 3627 Constantinopolitanus,
2713 3558 2987 3615 Maximus
3032 3561 3439 3628 Antiochenus,
3503 3572 3561 3617 et

1973 3648 2256 3704 Iuvenalis
2288 3648 2841 3721 Hierosolymitanus.
2878 3651 2942 3706 Et
2970 3652 3110 3707 infra
3146 3668 3161 3707 :
3194 3672 3212 3704 ι
3251 3653 3316 3708 Et
3343 3654 3412 3710 ad
3445 3655 3563 3710 luce

1976 3740 2161 3797 omnia
2202 3740 2431 3810 insuper
2457 3749 2513 3797 et
2542 3751 2737 3797 contra
2764 3744 2968 3812 ipsum,
2993 3743 3081 3798 cui
3117 3744 3291 3799 virga:
3312 3746 3564 3802 custodia
3624 3754 3627 3757 ‘

1977 3849 2008 3889 a
2053 3833 2336 3891 Salvatore
2392 3836 2691 3891 commiSsa
2748 3844 2851 3901 est,
2882 3836 3136 3892 extendit
3174 3836 3441 3893 insaniam
3465 3880 3481 3906 ,
3511 3839 3566 3893 id

1976 3938 2061 3983 est
2097 3938 2291 3985 contra
2345 3938 2490 3983 tuam
2538 3928 2944 3999 (apostolicam)
2985 3931 3333 3986 sanctitatem
3369 3951 3382 3986 :
3426 3951 3445 3985 ι
3504 3942 3569 3987 ιιι

1972 4019 2203 4078 Latinus
2232 4022 2505 4091 interpres
2536 4020 2689 4091 legit.
2723 4020 2781 4075 ln
2812 4020 2896 4077 his
2944 4031 3131 4077 sancta
3163 4024 3410 4093 synodus
3460 4026 3563 4080 Ee-

1972 4114 2199 4169 clesiam
2231 4115 2549 4185 evangelice
2580 4114 2795 4170 vineam
2827 4124 3029 4181 vocat,
3070 4116 3359 4192 custodem
3390 4117 3567 4173 vinea:

1971 4220 2193 4275 papam,
2223 4217 2280 4261 et
2300 4206 2681 4276 przefccturam
2725 4208 2868 4263 hanc
2900 4222 3025 4262 esse
3057 4206 3239 4279 inquit
3270 4208 3346 4263 illi
3380 4210 3566 4265 datam

1973 4315 2004 4354 a
2029 4297 2275 4355 Christo.
2309 4300 2379 4354 Et
2426 4300 2569 4356 infra
2605 4317 2621 4355 :
2660 4321 2682 4355 ι
2712 4302 2879 4358 Plane
2914 4303 3157 4359 scientes
3200 4306 3563 4374 apostolicum

1972 4392 2029 4447 in
2052 4392 2211 4449 vobis
2238 4394 2463 4464 quidem
2499 4394 2710 4450 radium
2739 4410 2893 4450 suam
2928 4396 3118 4451 sedem
3152 4397 3359 4454 habere
3380 4416 3395 4465 ;
3415 4414 3562 4470 saepe

1972 4500 2105 4542 vero
2130 4486 2200 4541 ad
2246 4486 2922 4557 Constantinopolitanam
2982 4482 3207 4558 quoque
3254 4480 3559 4546 Ecclesian.

1979 4591 2134 4633 more
2156 4586 2341 4633 vestro
2403 4593 2596 4633 curam
2654 4586 2913 4648 gerentes
2948 4578 3101 4643 illum
3148 4566 3438 4650 sparsisse,
3496 4598 3565 4636 eo

1977 4667 2126 4738 quod
2187 4668 2595 4723 cousueveritis
2661 4668 2938 4724 bonorum
2982 4680 3333 4746 ‘vestrorum
3395 4674 3567 4743 parti-

1973 4758 2250 4828 cipatione
2306 4758 2465 4815 vobis
2521 4762 2851 4829 conjunctos
2908 4760 3131 4817 abunde
3185 4762 3387 4819 ditare.
3426 4782 3444 4815 ι
3501 4765 3593 4818 Et‘

1975 4848 2157 4906 infra:
2216 4870 2235 4904 ι
2280 4850 2691 4922 Agnoscentes,
2742 4867 2907 4908 omne
2938 4854 3231 4923 “egregium
3302 4864 3563 4909 natorum

1970 4942 2177 4998 factum
2230 4958 2517 4999 recurrere
2555 4944 2622 5000 ad
2668 4946 2927 5015 proprios
2969 4956 3250 5015 parentes.
3281 4946 3564 5019 Rogamus

1971 5036 2160 5107 igitur,
2203 5036 2428 5092 decreto
2461 5046 2556 5091 tuo
2609 5046 2861 5092 nostrum
2914 5038 3125 5092 honora
3161 5022 3459 5109 judicium,
3510 5050 3568 5095 et

1970 5129 2115 5183 sicut
2150 5132 2253 5184 nos
2298 5128 2467 5199 capiti
2499 5144 2831 5184 consensum
2869 5130 3209 5200 praebuimus
3239 5130 3294 5185 in
3331 5146 3390 5185 re
3422 5148 3563 5202 pra:-

1971 5215 2140 5290 cl’ara,
2174 5223 2250 5278 ita
2302 5232 2360 5279 et
2402 5234 2593 5277 vertex
2626 5222 2927 5294 adimpleat
2958 5222 3085 5279 ﬁliis
3116 5223 3265 5294 quod
3296 5224 3563 5281 decorum

1969 5324 2077 5369 est.
2118 5332 2137 5366 ι
2182 5328 2187 5334 ‘

282 5412 502 5482 τρέχει·
570 5410 1006 5481 παρακαλοῦμεν
1058 5410 1261 5475 τοίνυν,
1312 5410 1545 5479 τίμησον
1597 5410 1693 5462 καὶ
1736 5410 1858 5472 ταῖς
1897 5410 2019 5472 σαῖς
2066 5410 2273 5487 ψήφοις
2319 5410 2419 5483 τὴν
2496 5412 2719 5482 κρίσιν’
2753 5414 2850 5467 καὶ
2882 5411 3080 5483 ὥσπερ
3130 5413 3292 5483 ἡμεῖς
3362 5418 3429 5488 τῇ
3473 5433 3563 5469 κε·

281 5506 425 5575 φαλῇ
456 5504 554 5572 τὴν
594 5506 653 5557 ὲν
685 5506 797 5565 τοῖς
865 5502 1052 5565 καλοῖς
1090 5502 1412 5572 συμφωνίαν
1477 5502 1929 5573 εἰσενηνόχαμεν,
1970 5502 2115 5557 οὕτω
2160 5507 2254 5559 καὶ
2304 5507 2338 5575 ἡ
2400 5505 2612 5577 κορυφὴ
2664 5510 2775 5570 τοῖς
2828 5509 3017 5561 παισὶν
3061 5509 3458 5581 ἀναπληρώσει
3505 5511 3564 5565 τὸ

281 5621 382 5671 πρε
396 5618 511 5653 πον.
555 5619 575 5650 ι

360 5698 449 5749 Ἑν
482 5694 691 5757 τούτοις
716 5695 751 5764 ἡ
780 5693 912 5761 ἁγία
959 5690 1179 5755 σύνοδος
1213 5692 1467 5761 ὁμολογεῖ
1501 5692 1600 5762 τὴν
1632 5692 1869 5745 ἀποστο-

276 5789 432 5859 λικὴν
462 5790 655 5843 ἀκτῖνα
688 5790 747 5841 ὲν
774 5786 850 5857 τῷ
882 5787 1043 5856 πάπᾳ
1082 5784 1491 5855 καθιδρυμένην
1541 5782 1864 5849 ἀπλωθῆναι

275 5882 538 5946 πολλάκις
597 5883 693 5935 καὶ
750 5881 829 5944 εἰς
881 5878 1507 5933 Κωνσταντινούπολιν’
1562 5877 1656 5930 καὶ
1711 5877 1796 5929 ὅτι
1837 5878 1864 5927 ό

276 5978 465 6041 πάπας
497 5979 614 6029 ἐστὶ
648 5974 861 6045 κεφαλὴ
897 5974 995 6043 τῆς
1037 5972 1373 6040 Ἐκκλησῖας
1410 5970 1657 6041 τοιαύτη,
1693 5971 1751 6035 ἐξ
1796 5966 1860 6041 ἧς

485 6080 761 6141 Ρηιιυι.
800 6077 918 6139 Gn.
956 6077 1054 6139 CX
1074 6075 1138 6135 Ll
1155 6074 1229 6133 Χ.

2046 5691 2104 5745 1η
2133 5692 2221 5746 his
2271 5700 2459 5746 sancta
2513 5693 2757 5763 synodus
2809 5691 3037 5758 fatetur,
3080 5692 3443 5762 apostolicum
3474 5711 3561 5749 ra-

1974 5785 2125 5839 dium
2160 5800 2280 5839 esse
2324 5786 2379 5838 in
2421 5800 2560 5855 papa
2592 5786 2921 5841 collocatum
2969 5794 3025 5840 et
3067 5786 3196 5841 inde
3225 5802 3368 5856 smpe
3408 5788 3556 5842 Cun-

1972 5875 2389 5943 staminopolim
2438 5890 2558 5930 sese
2612 5873 2847 5941 fudisse,
2912 5886 2968 5930 et
3024 5892 3219 5947 papam
3273 5893 3396 5932 esse
3454 5880 3558 5931 tale

1971 5979 2135 6041 caput
2164 5966 2442 6041 Ecclesiae,
2480 5979 2537 6026 ut
2558 5984 2623 6026 ex
2656 5984 2723 6026 co
2749 5972 2991 6042 pendeat
3024 5970 3201 6025 honor
3232 5980 3287 6027 et
3336 5972 3557 6042 privile-

3082 6070 3159 6133 24
