4050 6500
428 390 531 454 ’751

1586 392 1956 455 ΜΔΤΤΠᾸΞΙ
1998 392 2087 452 CA
2100 391 2537 453 ﬂYOI’lIYLLI

3587 389 3703 456 Ἰδῖ

433 501 746 575 doctrinam
784 515 965 570 :quos
1012 501 1230 571 repulsa
1274 500 1429 569 prius
1466 500 1611 556 bona
1651 502 2010 569 conscientia,

2124 503 2226 552 tsiv
2293 500 2569 570 ἑλομένων
2617 498 2767 568 λέγει
2815 501 2843 553 6
2911 500 3255 568 Ἀπόστολος,
3295 504 3391 567 οὓς
3430 505 3701 575 πρότεροι

432 593 749 661 uanl‘ragari
794 607 1014 661 quoque
1067 593 1145 645 ait
1196 592 1250 645 iu
1309 591 1436 655 ﬁde,
1472 607 1541 646 eo
1585 594 1734 661 quod
1782 591 2012 645 ambitio

434 688 560 740 illos
593 695 649 739 et
683 686 735 736 in
770 685 1009 737 haarcses
1052 693 1109 737 et
1155 685 1209 735 in
1261 683 1631 751 blasphemias
1671 693 2014 736 transversos

434 778 595 844 agat?
638 777 700 830 lli
753 776 902 829 enim
956 776 1225 844 pravitate
1280 790 1376 828 sua
1416 783 1473 828 et
1522 757 1920 829 conscientiam
1957 785 2015 827 et

428 874 598 925 iidem
656 864 1005 940 repulerunt.
1058 868 1151 921 At-
1180 882 1309 921 vero
1362 868 1427 921 de
1454 881 1589 935 papa
1624 866 1799 921 sancti
1826 867 2017 920 Patres

434 971 641 1029 quarta!
680 958 876 1030 synodi
924 958 1097 1019 aiunt,
1134 957 1280 1026 quod
1332 966 1547 1011 servata
1585 971 1683 1026 per
1718 957 2019 1011 successio-

434 1066 559 1106 nem
600 1049 725 1115 (ide,
762 1049 1021 1103 omnibus
1058 1048 1336 1103 exstiterit
1369 1048 1515 1102 beati
1552 1049 1697 1103 Petri
1739 1051 1890 1104 vocis
1934 1048 2017 1101 in-

436 1156 673 1213 terpres,
713 1156 875 1211 quam
930 1151 991 1193 ut
1039 1139 1295 1193 veritatis
1350 1138 1726 1193 hmreditatem
1777 1138 2016 1193 habebat

426 1253 609 1307 papa;
644 1234 925 1304 quomodo
975 1232 1041 1287 ad
1089 1233 1206 1287 haec
1252 1232 1433 1286 locum
1481 1231 1684 1285 habere
1722 1231 1895 1300 possit
1924 1229 2014 1282 in-

436 1328 639 1381 stantia
677 1335 792 1390 tua,
825 1324 954 1378 dum
992 1339 1058 1376 ex
1095 1322 1311 1392 propria
1341 1333 1407 1376 'et
1444 1322 1684 1377 humana
1721 1320 2015 1390 fragilitate

436 1419 648 1472 inferre
678 1417 796 1469 vult
827 1414 1259 1471 imbecillitatem
1297 1412 1497 1465 divinae
1526 1396 2014 1477 Christi'virtutis,

438 1525 467 1561 ει
502 1524 610 1577 quo
654 1507 813 1560 ﬁdem
858 1504 1058 1559 deduci
1093 1502 1261 1556 veluti
1296 1512 1543 1557 catenam
1578 1517 1797 1557 auream
1834 1500 2013 1557 sancti

430 1601 631 1654 Patres
650 1599 827 1661 aiunt,
854 1605 912 1649 ut
946 1596 1037 1647 fiat
1065 1610 1164 1647 vox
1190 1593 1361 1659 Petri,
1383 1601 1437 1646 et
1468 1608 1661 1662 papam
1696 1608 1817 1647 esse
1851 1593 2021 1646 inter-

436 1700 647 1760 pretem
698 1688 851 1741 vocis
894 1687 1063 1752 Petri,
1103 1696 1158 1739 et
1204 1686 1478 1740 haeredem
1516 1684 1805 1749 veritatisZ
1835 1685 2021 1739 Potest

436 1795 577 1851 papa
618 1781 671 1833 in
708 1779 938 1848 privatis
985 1778 1101 1831 suis
1141 1784 1196 1831 et
1238 1775 1497 1831 humanis
1541 1776 1857 1830 actionibus
1888 1790 2017 1845 pec-

2117 590 2457 652 "xnsadvra;
2490 590 2593 659 τῆς
2622 591 2834 660 ἀγαθῆς
2868 592 3235 662 συνειδήσεως
3269 594 3415 662 λέγει
3441 591 3698 666 καὶπερὶ

2116 682 2217 752 τὴν
2251 682 2433 735 πίστιν
2466 683 2799 752 ναυαγῆσαι,
2834 679 2922 736 οἶα
2952 682 3016 753 δὴ
3049 687 3114 756 τῇ
3148 686 3428 759 φιλοτιμίᾳ
3456 705 3700 757 «apsce-

2122 777 2317 842 ρέντας
2380 774 2471 825 ἐπὶ
2528 774 2769 840 αἱρέσεις
2810 777 2903 828 καὶ
2963 772 3548 845 βλασφημίαςςοῦτοι
3598 780 3701 849 μὲν

2119 865 2230 933 γὰρ
2264 866 2330 933 τῇ
2358 863 2537 934 οἰκεία
2571 864 2868 934 φαυλότητι
2903 867 3000 919 καὶ
3027 866 3128 936 τὴν
3189 869 3493 938 συνείδησιν
3546 869 3699 923 ἀπώ-

2120 973 2282 1009 σαιτο
2315 956 2409 1009 καὶ
2434 956 2530 1026 τὴν
2564 956 2746 1009 πίστιν
2767 972 2783 988 ⁸
2842 958 2971 1025 περὶ
3007 958 3064 1011 δὲ
3109 959 3203 1013 τοῦ
3261 960 3416 1013 πάπα
3449 961 3612 1030 φασὶν
3645 964 3701 1015 οι

2119 1044 2268 1111 ἆγιοι
2297 1045 2398 1115 τῆς
2423 1045 2695 1117 τετάρτης
2738 1046 2964 1100 συνόδου
3012 1048 3277 1117 Πατὲρες,
3311 1052 3394 1105 ὅτι
3425 1051 3489 1105 ὲκ
3524 1052 3699 1106 διαδοο

2118 1139 2218 1206 χῆς
2247 1137 2492 1209 φυλάξας
2521 1138 2620 1209 τὴν
2662 1139 2848 1192 πίστιν
2905 1141 3142 1209 κατέστη
3196 1142 3365 1195 πᾶσιν
3426 1145 3697 1214 ἑρμηνεὺς

2117 1228 2217 1296 τῆς
2254 1227 2347 1280 τοῦ
2370 1229 2644 1297 μακαρίου
2684 1230 2891 1301 Πέτρου
2948 1233 3154 1301 φωνῆς,
3205 1235 3272 1303 ἢν
3316 1234 3392 1299 ὡς
3443 1236 3697 1304 ἀληθείας

2120 1318 2325 1387 κλῆρον
2365 1322 2392 1372 6
2416 1320 2607 1383 πᾶπας
2632 1316 2801 1390 εἶχεν.
2833 1321 2945 1375 Ποῦ
2969 1324 3152 1377 τοίνυν
3199 1325 3315 1395 ἔχει
3346 1324 3532 1397 χώραν
3564 1329 3598 1396 ἡ
3629 1330 3698 1398 σὴ

2119 1407 2392 1476 ἔνστασις,
2424 1414 2488 1465 ἐκ
2517 1414 2617 1479 τῆς
2648 1401 3240 1487 οἴκοθεν’ἀνθρωπίνης
3264 1418 3547 1482 ἀσθενείας
3578 1422 3697 1472 ἑπι-

2122 1502 2368 1572 φέρουσα
2426 1504 2713 1559 ἀσθένειαν
2766 1509 2858 1561 καὶ
2905 1512 3004 1578 τῆς
3059 1510 3207 1574 θείας
3267 1512 3547 1581 δυνάμεως
3599 1511 3697 1565 τοῦ

2122 1593 2388 1663 Χριστοῦ,
2427 1596 2559 1667 παρ’
2597 1589 2661 1649 οὗ
2693 1615 2863 1666 φασιν
2893 1600 2944 1653 0t
2982 1599 3128 1667 ἆτιοί
3178 1603 3420 1672 Πατέρες
3462 1604 3560 1672 τὴν
3612 1602 3697 1655 πί-

2125 1702 2242 1738 στιν
2266 1687 2607 1755 κατάγεσθαι
2637 1688 2825 1760 ὥσπερ
2853 1693 3064 1761 χρυσῆν
3086 1693 3296 1761 σειρὰν,
3358 1694 3498 1748 ὥστε
3555 1697 3696 1763 γίνε-

2126 1776 2251 1828 σθαι
2287 1778 2472 1844 φωνὴν
2503 1779 2597 1831 τοῦ
2634 1780 2865 1850 Πέτρου,
2904 1784 3118 1843 καὶτὸν
3152 1784 3344 1839 πάπαν
3398 1781 3536 1839 εῖναι
3596 1787 3697 1856 τῆς

436 1888 564 1927 care
609 1890 623 1925 :
662 1872 767 1926 hoc
827 1868 1141 1937 lragilitatis
1186 1868 1440 1921 humanae
1491 1876 1837 1939 est;.potest
1888 1882 2021 1936 ergo

2126 1867 2310 1937 φωνῆς
2331 1867 2427 1921 τοῦ
2479 1865 2685 1939 Πέτρου
2754 1873 3021 1946 ἑρμηνέα,
3064 1877 3159 1929 καὶ
3215 1876 3549 1946 κληρονόμον
3600 1854 3697 1947 τῆς

436 1966 609 2017 etiam
671 1976 858 2015 errare
910 1964 964 2013 in
1017 1959 1157 2024 lidc;
1211 1958 1315 2012 hoc
1366 1968 1449 2012 est
1504 1957 1709 2011 inferre
1761 1957 2014 2028 injuriam

2124 1957 2381 2024 ἀληθείας
2412 1975 2427 2025 ;
2470 1960 2706 2013 Δύναται
2741 1966 2871 2032 περὶ
2898 1966 2994 2027 τὰς
3029 1966 3237 2029 οἰκείας
3291 1969 3385 2021 καὶ
3424 1968 3695 2047 memet:

429 2054 741 2111 Salvatori.
779 2054 845 2107 Et
878 2051 1148 2106 claudicat
1193 2050 1547 2118 enthymena,
1582 2049 1841 2117 quoniam
1878 2064 2016 2119 papa

435 2148 597 2201 aliter
648 2147 702 2200 in
760 2144 1123 2199 antecedente
1176 2140 1449 2205 sumitur,
1506 2141 1667 2195 aliter
1716 2142 1770 2194 in
1824 2156 2019 2197 consc-

435 2248 639 2310 qucnte
675 2254 690 2294 :
726 2237 779 2291 in
832 2237 950 2302 illo,
990 2250 1096 2305 qua
1148 2235 1311 2289 homo
1351 2249 1617 2302 operans;
1658 2234 1712 2287 in
1749 2234 1875 2299 hoe,
1912 2249 2018 2306 qua

428 2347 575 2402 papa
626 2331 775 2384 vocis
830 2328 979 2382 Petri
1033 2329 1330 2396 interpres.
1377 2325 1447 2381 Ut
1498 2325 1543 2380 si
1597 2312 1797 2392 dicam,
1840 2326 2024 2379 Potest

439 2425 807 2493 Hippocrates
856 2420 967 2474 labi
1015 2435 1203 2475 errore
1255 2419 1626 2478 conscientia},
1666 2404 1848 2486 potest
1891 2433 2022 2488 ergo

436 2526 494 2569 et
526 2524 643 2569 arte
680 2513 966 2567 medicina:
998 2529 1011 2564 :
1049 2526 1177 2565 nam
1213 2511 1268 2567 in
1303 2510 1664 2565 antecedente
1695 2512 1933 2565 sumitur
1962 2522 2022 2567 ιιι

436 2610 625 2669 homo,
660 2607 714 2658 in
752 2612 1125 2673 consequente
1157 2608 1217 2656 ιιι
1252 2603 1490 2669 artifex;
1523 2618 1633 2655 non
1668 2602 1871 2657 debent
1917 2620 2019 2657 au-

432 2714 547 2776 ,ειη
586 2712 748 2751 voces
785 2696 1066 2765 tequivoce
1106 2693 1270 2749 sumi.

2117 2068 2215 2112 νας
2248 2050 2479 2121 πράξεις
2503 2052 2779 2123 σφαλῆναι
2811 2057 2841 2107 ὁ
2894 2057 3087 2120 πάπας
3119 2074 3133 2088 '
3170 2057 3329 2112 τοῦτο
3365 2060 3696 2130 ἀνθρώπινον

2120 2142 2414 2211 ἐλάττωμα
2441 2159 2455 2173 ·
2494 2143 2604 2214 ἄρα
2636 2144 2865 2200 δύναται
2890 2149 2985 2201 καὶ
3042 2152 3172 2221 περὶ
3200 2152 3297 2222 τὴν
3322 2153 3501 2209 πίστιν
3538 2154 3695 2207 άσθευ

2120 2235 2280 2304 νῆσαι
2304 2251 2318 2265 ο
2353 2235 2514 2289 τοῦτο
2544 2238 2726 2308 ῦόρις,
2757 2242 2837 2304 είς
2864 2242 2957 2294 τὸν
3004 2243 3236 2317 Σωτῆρα
3286 2244 3518 2316 Χριστὸν
3569 2249 3674 2301 ἀνα
3709 2239 3721 2249 ”

2122 2328 2420 2397 τρέχουσαι.
2457 2329 2567 2388 Καὶ
2602 2331 2866 2401 χωλαίνει
2912 2334 2973 2386 τὸ
3032 2337 3346 2408 ἐνθύμημα,
3405 2340 3489 2397 ὅτι
3524 2340 3697 2404 ἄλλως

2125 2419 2183 2471 ὲν
2218 2421 2283 2490 τῇ
2315 2420 2620 2495 προσλήψει
2654 2422 3000 2492 λαμϐάνεται
3050 2428 3079 2479 6
3108 2429 3319 2494 πάπας,
3354 2430 3517 2501 ἤγουν
3546 2424 3581 2504 ᾖ
3608 2431 3692 2487 άν-

2125 2512 2342 2581 Optem;
2383 2515 2649 2583 ἐνεργῶν,
2681 2519 2774 2570 καὶ
2804 2517 2980 2581 ἄλλως
3017 2522 3075 2572 ἐν
3120 2522 3199 2591 τῷ
3248 2523 3697 2594 συμπεράσματι.

2122 2604 2296 2677 ἤγουν
2342 2600 2375 2676 ᾗ
2427 2607 2614 2670 πάπας
2657 2608 2753 2661 καὶ
2782 2609 3058 2681 ἑρμηνεὺς
3092 2613 3189 2682 τῆς
3228 2616 3420 2684 ’φωνῆς
3456 2615 3551 2669 τοῦ
3595 2617 3696 2669 Πέ-

2120 2713 2287 2765 τρου’
2319 2690 2434 2750 οἷον
2462 2701 2511 2751 εί
2540 2700 2725 2769 φαίην,
2756 2703 2990 2757 Δύνᾱται
3035 2706 3401 2778 Ἱπποκράτης
3433 2708 3698 2779 σφαλῆναι

436 2792 569 2861 π;ρὶ
599 2790 697 2859 τὴν
734 2787 1061 2857 συνείδησιν,
1091 2786 1203 2855 ἄρα
1265 2785 1360 2839 καὶ
1417 2785 1545 2855 περὶ
1600 2778 1712 2853 τὴν·
1762 2786 2015 2857 ἰατρικὴν
2055 2787 2255 2858 τέχνην
2287 2803 2301 2817 ⁸
2367 2792 2487 2843 ἐκεῖ
2519 2793 2621 2859 μὲν
2682 2796 2794 2865 γὰρ
2828 2796 3199 2870 Ἱπποκράτης
3230 2794 3263 2871 ἦ
3307 2800 3609 2872 ἄνθρωπος,
3639 2804 3698 2855 ὲν

438 2881 614 2955 τούτῳ
644 2884 699 2936 δὲ
735 2885 937 2935 νοεῖται
1034 2882 1284 2953 τεχνίτης
1309 2897 1325 2913 °
1351 2882 1462 2955 χρὴ
1487 2883 1543 2936 δὲ
1570 2885 1695 2947 τοὺς
1734 2884 1893 2955 ὅρους
1939 2885 2014 2955 μὴ
2052 2882 2364 2957 ὁμωνύμως
2396 2889 2798 2957 λαμϐάνεσθαι.

511 2980 630 3035 Huc
675 2962 847 3041 tendit
880 2974 1045 3028 etiam
1083 2974 1304 3028 tertium
1348 2973 1627 3046 sophisma
1676 2986 1850 3039 tuum,
1886 2975 2017 3028 licet

433 3070 696 3127 callidius
727 3076 784 3122 et
817 3067 1132 3121 obscurius.
1170 3064 1356 3121 Genus
1386 3065 1766 3135 abnegationis
1803 3066 1898 3121 Dei
1932 3075 2017 3133 est

423 3162 742 3220 rseeundum
794 3159 1024 3217 Paulum
1065 3160 1419 3215 conscientia:
1460 3161 1617 3230 lapsu
1658 3176 1876 3228 errare;
1918 3160 2014 3215 sed

429 3260 579 3327 papa
620 3264 799 3325 pctcst
838 3254 1191 3309 conscientia:
1234 3252 1389 3322 lapsu
1430 3268 1641 3314 errare,
1676 3268 1810 3323 ergo
1846 3253 2018 3325 hujus

438 3352 658 3418 generis
692 3345 1077 3417 abnegatiouis
1114 3344 1209 3399 Dei
1242 3358 1373 3398 reus
1401 3359 1545 3401 esse.
1576 3345 1785 3400 Deinde
1825 3361 1857 3405 a
1901 3361 2017 3400 ma-
2047 3318 2092 3378 ο

435 3441 541 3512 jori
569 3440 633 3495 ad
661 3441 844 3494 minus
873 3454 888 3493 :
914 3437 1104 3493 Genus
1133 3438 1522 3509 abnegationis
1551 3418 1705 3507 lapsu
1732 3437 2021 3492 conscien-

432 3535 531 3587 tite
560 3532 620 3586 lit
649 3531 854 3601 aliquid
887 3530 1120 3601 agendo,
1151 3529 1246 3586 sed
1276 3532 1454 3601 majus
1481 3539 1566 3585 est
1596 3546 1824 3601 peccare
1849 3546 2021 3601 opere

442 3637 611 3692 quam
658 3622 859 3687 verbo;
901 3636 1034 3690 ergo
1060 3621 1155 3690 qui
1193 3636 1424 3691 peccare
1488 3630 1670 3688 potest
1710 3636 1903 3692 opere,
1935 3636 2025 3692 po-

430 3722 555 3767 'L‘s‘l
593 3721 648 3767 et
674 3712 883 3766 verbo:
922 3727 1059 3782 papa
1098 3724 1334 3780 peccare
1366 3720 1547 3781 potest
1575 3726 1761 3781 opere.
1794 3726 1925 3781 ergo
1967 3719 2025 3769 et

445 3810 645 3874 verbo;
690 3825 798 3863 non
825 3818 911 3863 est
938 3807 1492 3879 igiturimpossibile
1529 3823 1724 3878 papam
1754 3822 1940 3871 errare
1967 3808 2021 3863 in

444 3905 573 3957 ﬁde.
1058 3922 1061 3923 '

515 4082 740 4148 Verum,
775 4080 925 4151 quod
964 4088 1031 4134 tu
1074 4093 1248 4145 genus
1287 4076 1669 4149 abnegationis
1696 4077 1797 4135 Dei
1834 4094 2019 4145 vocas,

443 4189 739 4230 commune
785 4182 871 4227 est
907 4172 1126 4227 cunctis
1165 4161 1436 4241 operibus
1474 4183 1597 4238 qua:
1626 4168 1780 4225 .[iunt
1826 4180 2025 4239 praeter

445 4266 717 4320 rationem
766 4270 1009 4328 rectam;
1047 4271 1100 4315 at
1135 4259 1428 4328 abnegatio
1460 4259 1559 4314 Dei
1606 4273 1705 4327 per
1741 4260 1907 4314 verba
1939 4268 2025 4313 est

447 4355 789 4410 inﬁdelitatis
829 4362 985 4409 actus
1031 4360 1089 4407 et
1132 4350 1371 4421 speciale
1420 4358 1728 4418 peccatum,
1759 4357 2023 4417 tantoque

448 4450 650 4518 majus,
682 4455 892 4516 quanto
936 4445 1113 4514 major
1154 4444 1313 4510 ﬁdes,
1344 4444 1549 4513 quippe
1592 4452 1651 4495 ut
1692 4441 2023 4495 l'uudamen-

452 4550 571 4593 tum
622 4540 914 4593 virtutum.
962 4534 1183 4604 Decipis
1227 4550 1381 4605 ergo,
1418 4535 1505 4587 vir
1543 4532 1780 4602 egregie,
1815 4531 2023 4601 duplici

2195 2975 2303 3049 Τῆς
2332 2978 2505 3043 αὐτῆς
2536 2981 2744 3042 ἐννοίας
2795 2980 2976 3052 ἔχεται
3004 2985 3097 3043 κτλ
3125 2984 3185 3037 τὸ
3223 2984 3402 3054 τρίτον
3428 3004 3527 3042 σου
3552 2991 3697 3060 σόρι-

2125 3085 2261 3138 σμα,
2290 3070 2432 3141 πλὴν
2458 3076 2910 3143 πανουργοτέρως
2937 3076 3032 3127 καὶ
3077 3075 3486 3159 ἀσαφεστέρως.
3546 3075 3697 3144 Εἶδος

2122 3160 2192 3230 ἀρ
2208 3162 2504 3229 ιητοθεΐας,
2539 3162 2682 3214 κατὰ
2705 3164 2935 3229 Παῦλον,
2963 3164 3077 3218 ἔστι
3105 3168 3163 3218 τὸ
3187 3170 3315 3237 περὶ
3335 3168 3434 3237 τὴν
3458 3172 3698 3240 συνείδη-

2128 3267 2212 3303 σιν
2247 3252 2592 3322 ἁμαρτάνειν
2617 3269 2633 3285 ο
2664 3254 2806 3308 ἀλλὰ
2836 3257 2944 3327 μὴν
2973 3258 3002 3308 ό
3050 3260 3233 3321 πάπας
3279 3259 3507 3317 ,δύναται
3572 3242 3700 3333 περὶ

2124 3342 2225 3413 τὴν
2252 3343 2564 3414 συνείδησιν
2586 3347 2953 3416 ἁμαρτάνειν,
2990 3347 3099 3417 ἄρα
3144 3354 3240 3402 καὶ
3267 3350 3346 3420 τῷ
3370 3351 3502 3405 εῖδει
3526 3353 3698 3425 τούτῳ

2123 3434 2221 3501 τῆς
2257 3433 2621 3503 άρνησοθετας
2654 3434 2841 3505 ἔνοχος
2872 3432 3037 3492 εἷναι.
3076 3435 3211 3492 Εἶτα
3248 3441 3311 3490 ἐκ
3337 3439 3453 3492 τῶν
3501 3441 3699 3519 μᾶλλον

2124 3531 2220 3579 καὶ
2251 3521 2417 3598 ἧττον
2438 3543 2455 3559 θ
2496 3527 2563 3581 Ἦ
2596 3528 2928 3599 ἀρνησοθετα
2967 3530 3109 3584 κατὰ
3145 3531 3244 3601 τὴν
3283 3530 3589 3601 συνείδησιν
3618 3533 3700 3601 γί-

2126 3636 2276 3674 νεται
2317 3619 2500 3689 ἔργοις
2534 3636 2549 3650 ⁶
2578 3619 2767 3690 μεῖζον
2796 3619 2852 3673 δὲ
2917 3621 2979 3674 τὸ
3049 3623 3383 3693 ἁμαρτάνειν
3436 3622 3615 3693 ἔργοις
3661 3624 3696 3690 ἢ

2124 3713 2306 3783 λόγοις
2335 3729 2351 3743 ⁸
2380 3715 2490 3780 ἄρα
2527 3715 2557 3767 6
2612 3713 2916 3783 δυνάμενος
2953 3714 3227 3784 σφαλῆναι
3266 3714 3446 3783 ἔργοις
3478 3714 3699 3768 δύναται

2127 3805 2401 3875 σφαλῆναι
2443 3806 2538 3860 καὶ
2584 3805 2766 3873 λόγοις
2791 3823 2805 3836 ·
2839 3809 2867 3859 ὁ
2906 3808 3093 3871 πάπας
3154 3807 3376 3877 δύναται
3434 3806 3697 3876 σφαλῆναι

2127 3898 2463 3970 ἔργοιςκᾶρα
2484 3900 2578 3954 καὶ
2602 3900 2785 3969 λόγοις
2816 3916 2830 3929 ·
2866 3903 2961 3953 καὶ
2983 3901 3084 3954 οὐκ
3101 3880 3365 3954 ἀδύνατον
3393 3900 3482 3954 τὸν
3511 3901 3697 3955 πάπαν

2125 3994 2237 4047 τῶν
2262 3993 2452 4064 »ὀρθῶν
2474 3994 2731 4046 ἐκπεσεῖν
2750 3993 3067 4065 δογμάτων.

2203 4086 2267 4137 Ὃ
2300 4085 2399 4154 μὲν
2430 4084 2524 4138 οὖν
2579 4086 2644 4137 σὺ
2682 4085 2862 4152 λέγεις
2920 4082 3059 4151 εἶδος
3110 4086 3489 4157 ἁρνησοοεῒατ,
3540 4087 3696 4140 τοῦτο

2126 4177 2305 4235 κοινὸν
2332 4178 2467 4230 πᾶσι
2488 4179 2601 4241 τοῖς
2637 4179 2842 4248 ἔργοις,
2882 4177 2919 4232 ἃ
2948 4179 3023 4248 μὴ
3051 4180 3196 4231 κατὰ
3236 4181 3327 4235 τὸν
3373 4179 3531 4251 ὀρθὸν
3561 4180 3701 4248 γίνε-

2127 4287 2223 4324 ται
2251 4270 2414 4338 λόγον
2446 4285 2461 4299 ⁹
2494 4271 2528 4339 ἡ
2552 4270 2609 4323 δὲ
2640 4270 2731 4324 διὰ
2761 4271 2937 4340 λόγων
2961 4269 3294 4341 ἁρνησοθ-ῖα
3323 4273 3571 4344 ἐνέργεια
3603 4273 3699 4342 τῆς

2127 4361 2390 4424 ἀπιστίας
2438 4360 2585 4428 ἐστὶ,
2630 4362 2721 4414 καὶ
2764 4362 2929 4415 ίδικὺν
2967 4363 3296 4434 ἁμάρτημα,
3350 4367 3443 4417 καὶ
3493 4366 3697 4435 μεῖζον,

2127 4455 2238 4524 ὅσῳ
2297 4452 2500 4525 μείζων
2554 4455 2587 4516 ὴ
2638 4456 2845 4519 πίστις,
2901 4456 2974 4519 ὡς
3020 4458 3273 4526 θεμέλιον
3315 4458 3424 4512 τῶν
3470 4460 3698 4529 ἀρετῶν.

2128 4553 2488 4624 Φρεναπατᾷς
2513 4552 2627 4617 οῦν,
2652 4550 2696 4605 ὦ
2727 4554 3022 4622 θαυμάσιε,
3055 4555 3229 4627 διπλῷ
3250 4556 3328 4626 τῷ
3356 4556 3658 4627 σοφίσματι
3681 4574 3696 4587 ·

455 4631 795 4700 sepliismate
827 4645 842 4682 :
876 4628 1055 4697 primo
1086 4627 1331 4698 quidem,
1360 4636 1418 4690 ut
1447 4618 1706 4691 diximus,
1736 4625 1862 4692 quia
1893 4638 2021 4677 con-

2134 4644 2354 4713 πρὼτον
2391 4646 2513 4714 μὲν,
2555 4646 2628 4708 ὡς
2653 4646 2899 4708 εἰπόντες
2936 4646 3207 4718 ἐφθημεν,
3231 4648 3311 4701 ὅτι
3341 4648 3442 4701 οὐκ
3471 4648 3703 4719 ἔρρωται

448 4721 737 4791 sequentia
773 4721 891 4774 haec
921 4734 1030 4773 non
1059 4719 1201 4773 valet
1230 4737 1244 4771 ι
1277 4716 1463 4772 Potest
1492 4732 1679 4771 errare
1716 4730 1854 4786 papa
1893 4731 2023 4769 ceu-

452 4825 534 4867 tra
574 4823 779 4867 rectam
818 4813 1086 4864 rationem
1122 4809 1177 4862 in
1207 4808 1391 4877 aliqua
1425 4823 1521 4862 sua
1558 4806 1748 4860 morali
1783 4806 2022 4870 actione,

447 4920 579 4974 ergo
620 4914 677 4957 et
725 4890 801 4957 in-
830 4902 958 4956 ﬁde.
990 4906 1286 4956 Ustensum
1333 4899 1537 4969 quippe
1580 4909 1687 4965 est,
1726 4900 1921 4953 falsum
1968 4899 2025 4951 id

444 5013 591 5060 esse,
631 5011 697 5049 eo
747 4996 893 5063 quod
945 5010 1085 5063 papa
1130 4993 1291 5046 aliter
1332 5006 1390 5045 se
1431 4992 1630 5045 habeat
1679 4992 1746 5045 ad
1792 4991 2027 5045 moralcs

448 5090 716 5149 actiones,
751 5098 809 5141 et
841 5088 1004 5141 aliter
1046 5085 1112 5138 ad
1136 5086 1410 5153 dogmata
1452 5082 1600 5137 lidci.
1632 5083 1765 5137 Nam
1799 5099 2022 5138 suarum

451 5181 571 5248 ipse
628 5180 905 5231 actionum
962 5189 1048 5230 est
1102 5177 1468 5247 principium,
1524 5183 1841 5245 tlogmatum
1899 5192 2027 5232 vero

452 5271 655 5325 tlliristi
682 5281 761 5325 οε·
793 5282 1003 5336 custos,
1031 5252 1225 5338 nempe
1252 5280 1313 5323 ut
1338 5270 1483 5325 Petri
1511 5273 1722 5337 haeres;
1755 5268 2025 5333 secundo,

449 5365 581 5430 quia
611 5362 753 5430 quod
788 5362 963 5432 majus
987 5369 1091 5427 est,
1119 5361 1300 5416 fecisti
1316 5361 1531 5424 minus,
1560 5373 1617 5417 et
1642 5362 1789 5430 quod
1820 5363 2023 5425 minus,

454 5454 653 5522 majus.
696 5452 776 5506 Tu
828 5454 1003 5523 majus
1038 5467 1158 5507 esse
1206 5454 1287 5507 ais
1338 5452 1608 5524 abuegare
1649 5470 1815 5522 opere
1860 5472 2022 5524 quam

454 5545 644 5605 verbo,
681 5544 823 5612 quod
881 5545 932 5596 in
988 5559 1045 5597 re
1103 5545 1382 5613 proposita
1437 5546 1634 5598 falsum
1680 5552 1871 5609 aperte
1918 5557 2024 5600 est.

453 5642 703 5705 Abnegat
729 5650 891 5705 opere
930 5637 1035 5700 l'ur,
1068 5638 1301 5705 abnegat
1341 5628 1508 5691 verbo
1544 5639 1637 5707 qui
1678 5637 1902 5693 Christo
1937 5656 2022 5694 re-

455 5730 712 5793 nuntiat;
773 5730 948 5797 majus
1018 5743 1148 5798 ergo
1216 5730 1419 5783 lurtutn
1486 5746 1647 5799 quam
1710 5733 2027 5798 apostasm?

442 5823 625 5872 Absit.
659 5821 774 5875 Non
803 5835 928 5889 ergo
952 5822 1045 5887 qui
1074 5830 1250 5889 potest
1275 5826 1456 5875 minus
1482 5824 1806 5891 abnegaudo
1836 5842 2024 5894 opere,

2129 4735 2269 4806 αῦτη
2301 4738 2334 4807 ἡ
2372 4737 2667 4790 ἀκολουθία
2694 4755 2707 4768 ·
2743 4739 2978 4792 Δύναται
3013 4742 3165 4809 παρὰ
3192 4739 3284 4793 τὸν
3338 4740 3496 4811 ὀρθὸν
3545 4741 3703 4809 λόγον

2129 4828 2186 4881 ἔν
2209 4846 2318 4881 τινι
2350 4829 2551 4900 πράξει
2602 4831 2770 4900 ἠθικῇ
2811 4831 3077 4901 σφαλῆναι
3110 4834 3138 4885 6
3200 4832 3405 4900 πάι-νας,
3448 4832 3558 4903 ἄρα
3614 4837 3705 4886 καὶ

2126 4921 2239 4972 τῶν
2268 4920 2444 4989 ὀρθῶν
2461 4922 2749 4993 δογμάτων
2777 4925 3034 4995 ἐκπεσεῖν
3055 4941 3071 4956 ⁸
3094 4925 3420 4995 ὲλήλεγκται
3447 4927 3555 4995 γὰρ
3585 4912 3706 4979 τοῦ-

2126 5027 2189 5062 το
2210 5010 2403 5079 ψευδὲς
2436 5013 2501 5063 ὲκ
2526 5011 2621 5064 τοῦ
2653 5011 2929 5082 διαφόρως
2958 5014 3107 5084 ἔχειν
3138 5016 3233 5067 τὸν
3265 5016 3455 5070 πάπαν
3493 5018 3624 5086 πρὸς
3648 5033 3705 5068 τε

2126 5103 2226 5163 τὰς
2252 5102 2452 5171 ἠθικὰς
2486 5098 2718 5171 πράξεις
2751 5105 2845 5157 καὶ
2882 5104 2950 5158 τά
2987 5104 3259 5176 δόγματα.
3288 5104 3408 5182 Τῷν
3441 5110 3545 5177 γὰρ
3580 5109 3673 5159 satu
3696 5138 3707 5146 -

2126 5190 2224 5244 τοῦ
2248 5191 2503 5262 πράξεων
2530 5194 2695 5255 αὑτός
2718 5196 2867 5248 ἐστιν
2890 5196 3055 5267 ἁρχὴ,
3079 5196 3191 5250 τῶν
3210 5197 3265 5250 δὲ
3283 5198 3568 5267 δογμάτων
3589 5202 3707 5251 ἐστὶ

2129 5284 2306 5352 φύλαξ
2338 5285 2489 5355 παρὰ
2534 5286 2801 5355 Χριστοῦ,
2836 5287 2932 5342 ἅτε
2972 5290 3037 5358 δὴ
3085 5290 3421 5362 κληρονόμος
3470 5290 3563 5343 τοῦ
3608 5292 3708 5344 Πέ-

2130 5393 2284 5446 τρου.
2314 5378 2603 5447 Δεύτερον,
2666 5377 2829 5431 ὅτιτὸ
2860 5376 3257 5453 penny-ﬁam
3306 5381 3583 5453 ἐποίησας,
3617 5382 3711 5436 καὶ

2130 5466 2190 5519 τὸ
2217 5463 2377 5539 ἦττον
2405 5468 2628 5537 μᾶλλον.
2653 5470 2846 5536 Λέγεις
2876 5471 3068 5539 μεῖζον
3101 5470 3243 5525 εἶναι
3308 5474 3587 5544 ἀρνεῖσθαι
3618 5476 3709 5543 ἐρ·

2132 5577 2248 5627 γοις
2283 5560 2315 5629 ἢ
2352 5558 2561 5629 λόγοις,
2593 5562 2620 5613 δ
2664 5564 2945 5632 προφανὲς
2976 5564 3172 5632 ψεῦδος
3225 5569 3282 5617 ὲν
3315 5567 3393 5638 τῷ
3440 5567 3668 5638 παρόντι
3690 5581 3705 5595 ’

2132 5654 2380 5719 ἀρνεῖται
2414 5652 2599 5721 ἔργοις
2634 5654 2661 5705 ὁ
2696 5656 2966 5725 κλέπτης,
3014 5658 3260 5727 ἀρνεῖται
3314 5658 3491 5725 λόγοις
3549 5663 3575 5711 ὁ
3624 5662 3713 5710 τὸν

2134 5741 2368 5809 Χριστὸν
2400 5742 2769 5811 ὲξομνύμενος
2807 5758 2819 5771 °
2882 5746 3084 5814 μείζων
3142 5749 3249 5817 ἄρα
3304 5750 3336 5817 ἡ
3383 5747 3556 5816 κλοπὴ
3614 5748 3713 5815 τῆς

2130 5821 2510 5898 ἀποστασίαςς
2544 5836 2783 5901 Ἄπαγε.
2842 5836 3007 5892 Ὥστε
3040 5840 3136 5910 οὐχ
3198 5842 3284 5894 ὅτε
3342 5836 3502 5910 ἦττον
3557 5840 3712 5894 δυνά-
