4050 6556
367 530 487 594 753

1655 521 2109 588 REFUTATIO
2176 519 2369 585 NILI.

3552 516 3665 579 754
3707 560 3725 576 .

369 666 555 720 μενος,
578 648 641 702 τὸ
670 648 739 703 δι’
770 630 954 720 ἔργων
981 647 1406 719 πλημμελῆσαι,
1438 647 1833 719 πλημμελήσει
1858 646 1956 699 καὶ

2073 640 2312 714 peccabit
2353 647 2412 698 ct
2462 640 2640 709 majus
2683 636 2872 694 verbis
2918 636 3093 692 Deum
3144 634 3415 706 negando.
3456 634 3572 688 lino
3618 633 3664 686 si

362 739 425 791 τὸ
456 737 667 808 μεῖζον,
694 738 757 793 τὺ
779 738 872 793 διὰ
902 737 1081 806 λόγων
1106 737 1457 812 ἀρνήσασθαι
1485 738 1579 790 τὸν
1611 736 1769 791 Θεόν.
1809 733 1961 788 Μάλ-

365 829 458 881 λον
482 822 539 883 δι
572 830 734 884 οιτον
756 828 919 897 λόγον
946 827 1294 898 ἑφαρμόσαις
1323 827 1405 897 τῷ
1422 822 1602 898 τέάπα,
1629 826 1858 879 δύναται
1897 822 1961 875 τὸ

364 914 528 992 ἦττον
559 920 765 982 hervoq
794 910 829 992 ᾗ
866 920 1088 991 μετέχει
1123 917 1342 989 φύσεως
1380 917 1837 989 ἀνθρωπίνης,οὖ
1871 916 1961 969 δύ-

368 1029 527 1065 ναται
551 1010 833 1076 παντελῶς
851 1010 914 1065 τὸ
942 1010 1149 1081 μεῖζον,
1180 1004 1216 1084 ᾖ
1242 1011 1583 1081 κληρονόμος
1635 1009 1733 1063 καὶ
1787 1006 1964 1078 φύλαξ

369 1102 485 1157 ἐστὶ
511 1103 613 1171 τῆς
636 1102 876 1167 πίστεως
904 1102 998 1157 τοῦ
1050 1101 1283 1175 Πέτρου.
1320 1103 1395 1157 Τὸ
1448 1103 1507 1157 δι
1551 1102 1647 1157 δύο
1692 1101 1822 1173 περὶ
1870 1100 1963 1155 τὸν

368 1194 558 1250 πάπαν
598 1194 697 1249 ινα
725 1196 859 1250 ὄντα
884 1194 1236 1265 θεωρεῖσθαι.
1267 1196 1366 1250 καὶ
1390 1194 1556 1257 αὐτὸς
1606 1194 1673 1247 ἄν
1733 1200 1963 1263 συνομο-

368 1290 653 1359 λογήσαις,
680 1288 777 1343 δύο
797 1288 921 1342 κατ’
939 1288 1117 1359 ἀρχὰς
1135 1290 1192 1343 tv
1212 1288 1291 1359 τῷ
1336 1289 1496 1360 πάπᾳ
1518 1286 1767 1357 θέμενος,
1795 1284 1856 1338 τὸ
1887 1281 1965 1338 ei-

371 1398 461 1434 ναι
488 1381 639 1451 παρὰ
676 1381 788 1452 ,τοῦ
846 1381 1057 1449 Πέτρου
1109 1379 1332 1451 Ῥώμης
1382 1378 1703 1446 ἐπίσκοπον,
1753 1378 1851 1431 καὶ
1904 1372 1966 1431 τό

374 1473 599 1545 πρῶτον
629 1468 768 1529 εῖναι
799 1464 909 1526 τῶν
935 1473 1114 1527 ἄλλων
1150 1472 1473 1526 ἐπισκόπων
1498 1471 1651 1539 παρά
1703 1470 1813 1523 τῶν
1854 1469 1966 1523 Πα-

369 1562 568 1629 τέρων.
595 1562 808 1631 Ὥσπερ
828 1558 923 1615 οὖν
954 1562 1042 1627 σὺ,
1075 1561 1229 1633 παρὰ
1260 1560 1469 1613 Φωτίου
1498 1560 1599 1629 τὴν
1617 1556 1965 1612 διδασκαλίαν

369 1653 573 1719 λαϐὼν,
598 1654 692 1708 δύο
717 1656 812 1708 καὶ
831 1654 934 1708 ἀσύ
945 1653 1163 1724 μϐ).ητα
1192 1655 1248 1705 ἑν
1272 1652 1349 1722 τῷ
1366 1653 1449 1705 ἑνὶ
1474 1652 1635 1723 πάπᾳ
1653 1649 1963 1720 ὁμολογεῖς,

368 1748 429 1799 τὸ
463 1746 565 1816 μὲν
614 1733 867 1816 μερικδν,
901 1747 961 1799 τὸ
991 1745 1046 1799 δὲ
1083 1744 1316 1797 καθόλου
1352 1759 1367 1775 ο
1398 1744 1460 1797 τὺ
1493 1744 1595 1813 μὲν
1637 1740 1858 1811 κτηθὲν,
1907 1740 1968 1792 τὸ

368 1838 423 1891 δὲ
448 1840 796 1909 προσκτηθέν
830 1854 844 1868 ·
882 1838 942 1892 τὸ
978 1837 1075 1906 μὲν
1102 1836 1189 1890 διὰ
1228 1836 1289 1890 τὸ
1342 1837 1533 1906 κλίμα,
1564 1836 1624 1889 τὸ
1662 1834 1720 1887 δὲ
1753 1834 1840 1887 διὰ
1868 1832 1968 1902 τὴν

369 1930 524 1996 τάξιν
555 1946 570 1961 ο
603 1929 747 1984 οὕτω
777 1930 872 1983 καὶ
907 1930 1070 1997 ἡμεῖς
1095 1931 1207 1992 τοῖς
1240 1930 1647 1999 εύαγγελικοῖς,
1676 1928 1773 1981 καὶ
1823 1926 1966 1979 ἀπο-

2066 750 2222 805 papae
2280 739 2671 804 argumentum
2731 728 3276 789 accommodaveris.
3331 736 3515 798 potest
3573 727 3669 781 ille

2066 827 2294 897 quidem
2348 825 2537 879 minus
2594 830 2785 893 utpote
2836 832 3038 876 natura
3093 832 3358 876 constans
3402 820 3668 884 humana,

2067 918 2246 988 majus
2274 924 2460 971 autem
2508 914 2664 969 nullo
2712 913 2883 967 modo
2919 919 3100 980 potest
3131 926 3242 982 qua
3277 912 3456 967 [neres
3491 921 3577 967 est
3612 922 3673 966 et

2066 1018 2256 1066 custos
2287 998 2414 1063 ﬁdei
2447 1008 2620 1063 Petri.
2646 1004 2805 1072 Quod
2833 1019 2974 1059 vero
3003 1004 3057 1059 in
3096 1019 3208 1059 uno
3238 1008 3378 1076 papa
3409 1004 3671 1059 conside-

2070 1109 2263 1157 rentur
2280 1101 2416 1165 duo,
2440 1106 2497 1153 tu
2522 1112 2746 1168 quoque
2779 1097 3043 1153 fateberis
3078 1097 3173 1168 qui
3213 1097 3324 1152 duo
3344 1096 3576 1168 posuisti
3618 1096 3675 1149 in

2068 1208 2234 1267 papa,
2263 1191 2413 1263 quod
2449 1190 2639 1246 Roma:
2674 1190 2747 1243 sit
2783 1189 3083 1259 cpiscopus
3116 1204 3144 1242 a
3176 1189 3366 1254 Petro,
3410 1189 3674 1259 quodque

2067 1293 2400 1342 exterarum
2459 1282 2849 1351 episcoporum
2908 1280 2980 1335 sit
3030 1280 3242 1351 primus
3299 1296 3329 1335 a
3386 1280 3670 1335 Patribus.

2070 1377 2231 1434 Sicut
2271 1391 2405 1446 ergo
2439 1384 2497 1429 tu
2534 1391 2564 1430 a
2606 1374 2806 1430 Pbotio
2841 1372 3095 1434 edoctus.
3130 1372 3242 1431 duo
3289 1381 3347 1428 et
3392 1388 3501 1426 non
3538 1388 3675 1428 eon-

2072 1467 2302 1525 ferenda
2353 1466 2543 1523 iateris
2595 1467 2651 1522 in
2706 1481 2819 1521 uno
2874 1481 3038 1536 papa,
3080 1481 3252 1520 unum
3312 1464 3673 1535 particulare,

2070 1561 2308 1616 alterum
2362 1560 2714 1627 universale;
2770 1574 2942 1613 unum
3007 1558 3332 1621 haereditate
3391 1550 3674 1619 relictum,

2070 1654 2309 1709 alterum
2364 1654 2657 1721 additum;
2699 1668 2873 1708 unum
2921 1661 3150 1721 propter
3199 1651 3388 1714 clima,
3438 1652 3676 1705 alterum

2071 1758 2306 1817 propter
2354 1748 2609 1803 ordinem
2645 1763 2662 1802 :
2695 1746 2771 1801 ita
2822 1760 2927 1801 nos
2979 1745 3321 1816 evangelica,
3370 1743 3676 1815 apostolica

2073 1850 2129 1895 et
2170 1839 2433 1911 synodica
2467 1847 2774 1908 sequentes
2802 1836 3084 1909 dogmata,
3114 1836 3536 1892 consideramus
3564 1834 3679 1889 duo

2076 1934 2133 1987 in
2166 1948 2329 2004 papa,
2358 1934 2507 2004 quod
2543 1935 2612 1988 sit
2648 1933 2838 1997 homo,
2870 1943 3061 1987 nostra
3104 1941 3162 1987 et
3202 1932 3321 2001 ipse
3358 1929 3678 1986 circumda-

370 1986 660 2084 οτόλικοίς,
698 2024 796 2075 καὶ
823 1986 1129 2084 συκοδικοϊς
1151 1986 1412 2092 ἑπόμενοι
1448 1986 1684 2091 δόγμασι
1713 2018 1811 2073 δύο
1837 2019 1966 2087 περὶ

2076 2036 2168 2081 tus
2206 2025 2574 2090 inﬁrmitate;
2610 2035 2666 2080 et
2711 2025 2785 2080 sit
2816 2028 3083 2095 praeterea
3130 2022 3278 2079 Petri
3312 2024 3466 2077 vocis
3505 2021 3680 2077 inter-

366 2114 460 2165 τὴν
490 2114 585 2166 ἕνα
618 2112 958 2183 θεωροῦμεν,
981 2113 1043 2165 τὺ
1083 2107 1224 2166 εἶναι
1259 2112 1353 2166 τὸν
1391 2112 1580 2166 πάπαν
1655 2111 1753 2165 καὶ
1806 2111 1971 2163 αὐτὸν

369 2201 682 2273 ἄνθρωπον,
718 2203 816 2272 τὴν
878 2201 1155 2274 ἡμετέραν
1220 2202 1511 2256 ἀσθένειαν
1555 2202 1969 2272 περικείμενον,

370 2295 549 2348 καὶτὸ
580 2292 717 2350 εἶναι
749 2297 1003 2366 ἑρμηνέα
1060 2296 1160 2367 τῆς
1211 2296 1399 2365 φωνῆς
1442 2294 1540 2349 τοῦ
1589 2294 1823 2365 Πέτρου,
1874 2292 1971 2348 καὶ

369 2388 712 2459 κληρονόμον
732 2388 833 2458 τῆς
863 2388 1074 2441 ἐκείνου
1112 2389 1372 2453 πίστεως.
1427 2389 1586 2443 ‘Ensl.
1615 2388 1672 2441 δὲ
1700 2388 1878 2442 ταῦτα
1901 2388 1971 2441 τὰ

367 2481 459 2535 δύο
489 2482 722 2551 διάφορα
750 2483 845 2534 καὶ
877 2481 1227 2553 άσύμῦλητα,
1256 2483 1543 2546 ἐξασθενεῖ
1571 2483 1679 2536 τῶν
1714 2483 1824 2535 σῶν
1846 2485 1971 2535 ὲπι-

369 2576 729 2645 χειρημάτων
759 2578 793 2646 ἡ
820 2575 1076 2647 δύναμις,
1112 2579 1175 2628 ὲκ
1208 2576 1440 2647 οατέρου
1468 2577 1548 2637 εις
1600 2557 1829 2647 θάτερον
1878 2593 1975 2645 με*

371 2666 747 2730 ταπίπτουσα,
777 2666 874 2719 καὶ
906 2668 1266 2735 άπονέμουσα
1298 2668 1360 2719 τὸ
1396 2668 1671 2720 πτωτικδν
1716 2667 1816 2736 τῆς
1871 2666 1971 2721 ἀν-

370 2758 724 2828 ορωπότητος
796 2758 874 2829 τῷ
943 2758 1181 2827 ἁπτώτῳ
1261 2758 1359 2828 τῆς
1424 2759 1580 2823 ἀξίας
1614 2775 1630 2790 ο
1690 2760 1786 2812 καὶ
1832 2758 1973 2822 ὅλως

371 2852 710 2921 ἁμαρτάνεις
739 2852 860 2906 κατ’
882 2852 1094 2904 ἐκείνου
1131 2851 1218 2904 τοῦ
1252 2851 1495 2917 κανόνος,
1528 2852 1635 2904 ὃνό
1669 2849 1969 2919 Φιλόσοφος

371 2944 428 2996 ὲν
462 2944 539 3012 τῷ
560 2944 700 3012 Περὶ
731 2943 1051 3015 ἑρμηνείας
1074 2944 1317 2997 διδάσκει
1338 2960 1353 2976 ο
1385 2945 1575 2996 Ἔστιν
1609 2945 1636 2996 ό
1663 2944 1811 2995 δεῖνα
1838 2946 1968 3009 ἀγα-

372 3037 483 3100 Θδς,
514 3038 608 3090 καὶ
644 3038 901 3102 σκυτεὺς,
935 3036 1048 3089 ἀλλ’
1077 3036 1201 3107 οὐχὶ
1245 3036 1334 3090 διὰ
1382 3036 1541 3090 τοῦτο
1596 3039 1692 3090 καὶ
1742 3039 1973 3098 σκυτεύς
2006 3078 2009 3079 ν

372 3130 577 3196 ἀγαθός
604 3146 619 3162 ο
657 3129 716 3181 τὸ
751 3130 859 3199 γὰρ
890 3124 1029 3182 εἷναι
1062 3129 1265 3182 σκυτέα
1300 3128 1396 3180 καὶ
1417 3127 1621 3196 ἀγαθὸν
1647 3125 1790 3179 κατὰ
1832 3142 1974 3193 συμ-

375 3222 609 3293 ϐεϐηκὸς
639 3222 1039 3293 συμπλέκεται.
1076 3222 1148 3273 Σὺ
1178 3222 1255 3288 δὲ,
1279 3222 1462 3287 Νεῖλε,
1488 3220 1633 3273 οὕτω
1659 3219 1972 3303 συλλογίζῃ·

2075 2137 2203 2191 pres
2252 2130 2308 2176 et
2362 2120 2512 2177 illius
2561 2120 2687 2176 ﬁdei
2741 2121 2941 2175 haeres.
2997 2119 3066 2173 Et
3104 2118 3369 2188 quoniam
3408 2117 3520 2171 duo
3563 2116 3679 2169 haec

2073 2213 2366 2279 ditferunt,
2402 2225 2577 2284 utque
2609 2229 2701 2269 res
2733 2213 2940 2268 diversi
2971 2214 3191 2283 generis
3226 2225 3337 2264 non
3372 2211 3677 2263 conferun-

2079 2314 2190 2368 tur,
2230 2306 2382 2360 cadit
2420 2314 2642 2360 tuorum
2695 2302 2869 2357 robur
2910 2309 3388 2371 argumentorum.
3421 2298 3569 2369 quod
3610 2314 3679 2352 ex

2075 2397 2253 2452 altera
2293 2395 2489 2450 transit
2523 2395 2579 2449 in
2614 2394 2877 2457 alterum,
2909 2404 2963 2448 et
2997 2392 3326 2447 labilitatctn
3359 2391 3679 2445 lnnnanila-

2079 2491 2149 2545 tis
2196 2491 2393 2545 tribuit
2438 2489 2739 2544 illabilitati
2784 2486 3091 2558 dignitatis.
3138 2486 3382 2541 Omnino
3422 2486 3569 2540 enim
3619 2494 3678 2538 tu

2076 2592 2271 2638 contra
2305 2582 2455 2637 illam
2487 2581 2735 2652 regulam
2769 2594 2986 2650 peccas,
3021 2595 3188 2649 quam
3222 2579 3391 2633 tradit
3425 2576 3677 2631 Philoso-

2078 2678 2224 2747 phus
2254 2677 2307 2731 in
2338 2677 2487 2732 libro
2516 2675 2594 2730 De
2615 2676 3055 2743 interpretatione
3076 2689 3096 2728 :
3124 2674 3217 2730 Est
3242 2674 3445 2743 aliquis
3473 2673 3675 2736 bonus,

2076 2780 2161 2826 est
2195 2782 2251 2826 ct
2290 2781 2487 2837 sutor;
2536 2785 2647 2826 non
2701 2781 2885 2824 tamen
2932 2769 3062 2824 ideo
3091 2778 3248 2822 sutor
3288 2767 3514 2822 bonus:
3552 2783 3683 2823 esse

2076 2864 2225 2919 enim
2269 2862 2474 2917 bonum
2512 2872 2568 2917 et
2597 2871 2845 2917 sutorem
2891 2860 3187 2931 conjuncta
3229 2871 3363 2915 sunt
3393 2874 3494 2930 per
3524 2860 3673 2914 acci-

2076 2956 2237 3010 dens.
2270 2955 2351 3009 Tu
2389 2970 2520 3010 vero
2567 2955 2639 3009 ita
2673 2954 2897 3026 arguis:
2942 2954 3229 3010 Romanus
3262 2953 3560 3023 episcopus
3591 2962 3681 3008 est

2078 3048 2249 3103 homo
2284 3048 2491 3115 erroris
2526 3061 2726 3116 capax,
2756 3054 2843 3102 est
2879 3047 3050 3102 etiam
3097 3061 3236 3116 papa
3284 3044 3677 3115 episcoporum

2079 3140 2313 3211 primus,
2357 3154 2491 3210 ergo
2544 3149 2630 3195 est
2673 3155 2812 3210 papa
2858 3139 3071 3195 erroris
3120 3152 3316 3208 capax.
3368 3139 3548 3207 Atque
3602 3137 3677 3191 ita

2079 3248 2277 3303 peccas
2324 3244 2379 3287 et
2430 3244 2623 3288 contra
2672 3232 2997 3305 Philosophi
3048 3232 3331 3303 regulam,
3378 3242 3433 3287 et
3479 3238 3684 3286 contra

379 3317 615 3369 Ἔστινὸ
653 3313 873 3383 Ῥώμης
919 3314 1205 3385 ἅνθρωπος
1251 3313 1674 3383 ἀμαρτητικὺς,
1709 3308 1827 3365 ἔστι
1876 3314 1966 3366 καὶ

2078 3340 2300 3385 sanctos
2331 3328 2546 3397 Patres,
2582 3346 2693 3385 non
2743 3329 2921 3385 solum
2952 3344 3166 3399 quarta:
3213 3326 3410 3399 synodi
3448 3328 3503 3381 in
3554 3327 3677 3396 cpi-

374 3410 586 3474 πάπας,
622 3409 731 3479 ἄρα
765 3410 861 3463 καὶ
911 3406 1295 3479 ἁμαρτητικὸς
1331 3408 1538 3469 πάπας.
1603 3407 1969 3477 Ἀμαρτάνεις

372 3499 466 3554 οὖν
494 3502 589 3554 καὶ
626 3504 767 3557 κατὰ
796 3500 893 3554 τοῦ
921 3500 1284 3570 Φιλοσοφικού
1311 3502 1557 3564 κανόνος,
1578 3501 1669 3552 καὶ
1699 3502 1837 3553 κατᾶ
1856 3500 1969 3553 τῶν

376 3596 547 3662 ἁγίων
580 3595 861 3665 Πατέρων,
886 3596 1032 3663 λέγω
1058 3596 1124 3664 δὴ
1147 3596 1206 3649 οὑ
1234 3595 1394 3665 μόνον
1420 3594 1518 3663 τῆς
1546 3594 1815 3664 τετάρτης
1841 3611 1969 3648 συν-

373 3687 495 3740 όδου
527 3689 585 3740 ἐν
612 3683 693 3750 οἷς
724 3688 875 3755 λέγει
903 3688 1307 3742 ὶπιστέλλουσα
1350 3688 1430 3759 τῷ
1461 3688 1642 3758 πάπα,
1677 3687 1772 3741 καὶ
1812 3689 1868 3741 ὲν
1891 3687 1970 3758 τῷ

376 3781 818 3852 προσφωνητικῷ
856 3783 995 3854 πρὸς
1049 3782 1374 3851 Μαρκιανὸν
1405 3782 1495 3835 τὸν
1538 3781 1783 3853 βασιλέα,
1829 3781 1967 3836 ἀλλὰ

377 3871 600 3935 καὶτοῖς
634 3874 813 3941 ἁγίοις
849 3876 1100 3944 Πατράσι
1138 3876 1237 3945 τῆς
1266 3876 1435 3946 ἕκτης
1468 3876 1772 3944 ἀντιλέγων
1813 3876 1965 3929 συνό-

373 3968 464 4020 δου
499 3984 516 4000 ·
550 3970 608 4021 ὲν
630 3969 728 4040 μὲν
757 3969 866 4040 γάρ
892 3988 970 4039 τῳ
993 3969 1432 4041 προσφωνητικῷ
1468 3988 1636 4040 φησιν
1660 3972 1694 4041 ἡ
1759 3971 1996 4044 τετάρτη
2042 3976 2257 4041 σύνοδος
2290 3993 2304 4007 ·

2080 3420 2221 3476 stola
2248 3421 2315 3475 ad
2344 3437 2564 3491 papam,
2593 3431 2649 3477 et
2680 3422 2737 3475 in
2769 3420 3209 3492 Prospbonctico
3240 3419 3307 3474 ad
3334 3419 3678 3474 Marcianum

2081 3514 2517 3585 imperatorem,
2570 3516 2668 3571 sed
2730 3514 2901 3571 etiam
2957 3524 3152 3571 contra
3203 3524 3425 3569 sanctos
3471 3514 3676 3568 Patres

2081 3614 2249 3662 sexta:
2295 3607 2531 3679 synodi.
2581 3608 2789 3675 Quarta
2837 3608 3080 3680 synodus
3127 3608 3182 3663 in
3232 3606 3680 3677 Prospbonetico

2082 3697 2165 3752 sic
2223 3698 2391 3753 habet
2437 3715 2450 3751 :
2508 3716 2527 3749 ι
2568 3697 2751 3764 Quare
2804 3697 2948 3752 Deus
3003 3695 3423 3752 insaueiabilem
3481 3708 3675 3747 errore

2078 3798 2550 3861 propugnatorem
2586 3790 2750 3844 nobis
2786 3789 3049 3859 providit.
3094 3799 3151 3844 ct
3188 3786 3449 3842 [initiante
3482 3785 3673 3842 Eccle-

2075 3883 2170 3938 siae
2202 3900 2395 3953 papam
2435 3885 2763 3954 pra-paravit
2795 3883 2864 3939 ad
2896 3882 3210 3938 victoriam.
3252 3900 3271 3933 ι

2349 3997 2369 4031 ι
2409 3978 2574 4032 Ὅθεν
2604 3979 2848 4049 ἄτρωτον
2912 3978 3047 4046 ἡμῖν
3102 3977 3168 4029 ὲκ
3211 3975 3424 4044 πλάνης
3466 3977 3493 4028 ὁ
3536 3972 3673 4037 Θεὸς

375 4061 639 4133 ἐπενόησε
671 4061 974 4131 πρόμαχον,
1012 4062 1107 4116 καὶ
1139 4062 1233 4115 τὸν
1284 4063 1380 4132 τῆς
1458 4061 1754 4132 Ῥωμαίων
1817 4061 1954 4132 πρὸς
1996 4068 2156 4137 νίκην
2182 4069 2475 4137 εὐτρέπισε
2522 4068 2804 4139 πρόεδρον.
2833 4087 2851 4119 ι

448 4155 726 4223 Ἀτρωτον
750 4155 814 4207 ἐκ
846 4156 1053 4226 πλάνης
1070 4156 1222 4225 λέγει
1254 4155 1346 4209 τὸν
1372 4155 1564 4209 πάπαν
1594 4158 1627 4227 ὴ
1669 4154 1803 4225 ἁγία
1836 4157 1960 4211 σύν·

374 4247 493 4310 οδος
520 4264 533 4277 ·
563 4248 660 4301 καὶ
699 4245 840 4319 αὑτὴ
880 4248 1085 4319 ἑαυτὴν
1143 4247 1448 4319 ἐξηγεῖται,
1489 4250 1631 4304 κατά
1668 4249 1829 4303 ποίαν
1863 4266 1963 4320 ση-

376 4338 578 4409 μασίαν
608 4340 883 4410 ἐχρήσατο
911 4344 979 4411 τῇ
1010 4340 1173 4405 λέξει,
1203 4343 1472 4411 ἄτρωτον,
1500 4341 1577 4404 ὡς
1622 4342 1701 4412 μὴ
1730 4341 1970 4412 τρωθέν-

371 4451 461 4498 τα,
490 4434 519 4501 ἧ
557 4432 634 4496 ὡς
675 4433 751 4504 μὴ
790 4432 1095 4503 δυνάμενον
1122 4434 1427 4504 τρωθῆναι.
1469 4434 1562 4495 Ἑν
1596 4434 1705 4505 γάρ
1734 4435 1800 4504 τῇ
1832 4434 1971 4503 πρὸς

369 4526 463 4578 τὸν
498 4524 687 4577 πάπαν
716 4524 981 4595 ἐπιστολῇ
1037 4522 1262 4594 φύλακα
1305 4524 1406 4592 τῆς
1469 4524 1710 4588 πίστεως
1757 4526 1969 4577 ἐκεῖνον

372 4619 795 4692 προσαγορεύει,
834 4619 930 4673 καὶ
962 4619 1065 4673 ὅσα
1089 4618 1226 4673 ἄλλα
1262 4620 1502 4689 εἴρηται.
1538 4620 1617 4672 Ού
1640 4618 1869 4672 δυνατὸν
1912 4618 1970 4671 δὲ

2145 4161 2316 4217 Vocat
2350 4170 2540 4217 saneta
2581 4177 2632 4232 ε)
2649 4161 2828 4216 nodus
2865 4174 3061 4230 papam
3098 4173 3291 4215 errore
3328 4159 3670 4215 insaueiabi-

2073 4256 2207 4320 lem,
2241 4264 2297 4308 et
2332 4255 2450 4325 ipsa
2488 4256 2574 4310 sui
2616 4255 2893 4325 interpres
2935 4254 3183 4309 declarat
3221 4269 3331 4323 quo
3374 4270 3542 4309 sensu
3586 4255 3667 4308 lo-

2070 4355 2198 4401 euta
2252 4346 2443 4415 fuerit,
2498 4362 2609 4401 non
2656 4348 2989 4413 sauciatum,
3026 4362 3094 4401 an
3146 4362 3256 4401 non
3306 4347 3666 4402 sauciabileni

2069 4440 2320 4494 vocando
2366 4456 2585 4510 papam.
2623 4440 2760 4495 Nam
2804 4444 2857 4493 in
2908 4441 3145 4511 cpistola
3179 4440 3246 4495 ad
3285 4456 3502 4511 papam.
3541 4439 3667 4497 [idci

2070 4532 2360 4588 custodem
2399 4534 2645 4603 appellat
2681 4534 2860 4589 illum.
2893 4542 2951 4589 et
2985 4549 3331 4604 quacunque
3374 4532 3479 4590 alia
3525 4535 3668 4590 dixi-

2071 4639 2195 4679 mus
2224 4640 2240 4691 ;
2275 4624 2393 4695 ﬁeri
2427 4640 2557 4679 vero
2586 4640 2695 4678 non
2728 4633 2907 4694 potest
2938 4633 2998 4679 ut
3030 4635 3219 4679 sancta
3249 4626 3497 4691 syiiodus
3524 4626 3668 4680 hanc

369 4716 465 4783 τὴν
497 4713 665 4781 ἁγίαν
697 4712 917 4766 σύνοδον
941 4716 1138 4767 Λέοντι
1178 4712 1256 4782 τῷ
1288 4716 1433 4783 μετὰ
1466 4712 1559 4765 τὶν
1606 4712 1814 4781 Πέτρον
1865 4718 1964 4780 μς¹

2073 4717 2502 4785 appellationem
2545 4716 2762 4771 dederit
2805 4716 2977 4771 Leoni
3015 4733 3187 4786 papae,
3224 4718 3318 4787 qui
3356 4722 3665 4788 quadrage-

369 4808 658 4879 ὲπισκόπῳ
701 4807 926 4877 Ῥώμης
962 4806 1106 4859 κατά
1133 4822 1255 4859 τινα
1288 4805 1683 4879 άπρκλήρωσιν
1741 4806 1960 4857 ἀπονεί-

372 4918 470 4970 μαι
498 4899 595 4972 τὴν
621 4874 1003 4970 προσηγορίαν
1031 4900 1261 4968 ταύτην,
1300 4874 1393 4951 καλ
1428 4898 1490 4949 τὸ
1516 4892 1657 4950 εἶναι
1713 4898 1962 4967 ἑρμηνέα

370 4994 459 5045 καὶ
493 4993 834 5064 κληρονόμον
866 4992 967 5061 τῆς
1016 4992 1254 5053 πίστεως
1287 4991 1380 5043 τοῦ
1412 4991 1645 5059 Πέτρου,
1677 4990 1795 5043 ἀλλ’
1825 4990 1856 5061 ἢ
1885 4992 1961 5053 ὼς

368 5084 625 5152 τηνικάδε
660 5084 819 5155 πάπᾳ
852 5100 867 5115 ο
902 5086 951 5137 εἰ
982 5084 1035 5137 δὲ
1066 5085 1139 5146 ὡς
1173 5086 1351 5154 πάπᾳ,
1375 5084 1608 5146 ἕκαστος
1629 5084 1738 5155 ἄρα
1772 5084 1960 5146 πάπας

368 5179 433 5230 ὲκ
459 5176 664 5246 πλάνης
686 5178 950 5249 ἄτρωτος,
987 5181 1085 5233 καὶ
1114 5176 1293 5246 φύλαξ
1324 5178 1422 5247 τῆς
1456 5176 1715 5239 πίστεως,
1753 5176 1851 5229 καὶ
1893 5178 1963 5228 τὰ

369 5270 551 5322 λοιπά»
592 5272 650 5323 Ei
675 5272 731 5324 δὲ
753 5272 985 5336 ἕκαστος
1006 5272 1253 5341 ἄτρωτος
1279 5273 1354 5333 ὡς
1381 5270 1556 5339 φύλαξ
1584 5272 1677 5324 καὶ
1703 5270 1961 5341 κληρονό-

371 5382 495 5433 μος,
523 5363 584 5416 τὺ
602 5364 849 5431 ἄτρωτος
870 5364 1127 5432 ἐμφαίνει
1148 5365 1210 5415 τὺ
1232 5364 1499 5418 ἀδύνατον
1530 5364 1627 5434 τῆς
1652 5365 1911 5434 τρώσεως
1943 5379 1955 5393 ·

368 5458 543 5519 ἄλλως
574 5457 685 5526 γάρ
718 5456 784 5510 ἂν
816 5457 935 5518 ἐνὸς
968 5457 1129 5510 πάπα
1156 5456 1459 5527 τρωθέντος
1506 5456 1743 5509 ἐπαίετο
1802 5456 1895 5508 καὶ
1928 5457 1961 5525 ἡ

369 5550 590 5621 φυλακὴ
611 5549 707 5602 καὶ
737 5551 769 5618 ἡ
800 5548 1141 5619 κληρονομία
1168 5550 1269 5619 τῆς
1305 5549 1542 5609 πίστεως
1574 5548 1670 5602 τοῦ
1726 5549 1955 5617 Πέτρου.

370 5642 597 5697 Ποιοῦσι
628 5642 685 5695 δὲ
711 5640 872 5696 τοῦτο
903 5641 1210 5712 κατάδηλον
1243 5642 1295 5694 οἱ
1344 5642 1444 5711 τῆς
1511 5642 1679 5711 ἕκτης
1736 5641 1957 5694 συνόδου

371 5725 611 5805 Πατέρὲς
644 5735 702 5787 ὲν
763 5733 868 5803 τῷ·
899 5732 1343 5805 προσφωνητικῷ
1389 5734 1525 5805 προς
1588 5734 1681 5786 τὸν
1734 5734 1960 5802 βασιλέα

371 5829 801 5880 Ιέωνσταντίνον.
838 5825 1011 5879 Ἔνθα
1038 5826 1266 5896 καῠαρῷ
1313 5827 1546 5894 ὄμματι,
1582 5828 1676 5879 καὶ
1731 5826 1961 5895 μηδενὸς

375 5917 611 5987 inrui}on
645 5917 714 5971 τὰ
745 5920 875 5988 περὶ
906 5917 1001 5970 τὸν
1041 5918 1233 5970 πάπαν
1296 5918 1645 5981 σκοποῦντες,
1702 5919 1797 5970 καὶ
1840 5918 1956 5988 τὴν,

372 6014 657 6083 ι’ὶτγεωτυς,
689 6012 831 6077 λέξιν
864 6012 1029 6067 οτονεὶ
1064 6011 1520 6083 παραίράξυνῑες
1559 6013 1766 6081 ξλὶαῖυίδ
1838 6014 1957 6080 “il”-

2070 4808 2247 4890 simus
2273 4818 2461 4864 sextus
2493 4810 2597 4862 fuit
2630 4825 2658 4863 a
2694 4810 2860 4864 Petro
2890 4809 3078 4863 Romae
3102 4811 3418 4879 episc0pns,
3448 4813 3666 4880 privato

2044 4898 2308 4968 quodam
2334 4900 2459 4967 jure
2480 4940 2494 4961 ,
2533 4899 2677 4952 sicut
2710 4900 2877 4954 etiam
2911 4914 3033 4954 esse
3065 4899 3426 4971 interpretem
3461 4911 3527 4957 et.
3548 4903 3666 4966 hac;

2069 4990 2257 5043 redeni
2308 4991 2433 5044 ﬁdei
2477 4990 2659 5045 Petri:
2697 4991 2794 5046 sed
2835 5006 2902 5046 co
2938 4992 3185 5057 nomine,
3228 4993 3355 5063 quia
3398 5010 3536 5064 papa
3572 4996 3663 5049 ille

2072 5091 2206 5136 tunc
2242 5093 2381 5136 erat.
2429 5082 2588 5147 Quod
2640 5082 2683 5136 si
2733 5083 2887 5138 dedit
2931 5094 2991 5138 ut
3034 5099 3212 5154 papae,
3251 5085 3487 5154 quisque
3529 5104 3663 5158 ergo

2071 5190 2207 5244 papa
2258 5175 2639 5229 iusauciabilis
2681 5190 2871 5231 errore
2919 5186 3005 5230 est
3045 5189 3103 5231 et
3140 5177 3263 5232 lidci
3304 5188 3511 5239 custos.
3548 5191 3657 5235 etc.

2071 5266 2125 5321 Si
2163 5282 2295 5336 ergo
2328 5267 2444 5320 baze
2476 5267 2777 5337 unicuique
2810 5284 2961 5337 νίψαι
2990 5273 3352 5334 conveniunt,
3386 5270 3662 5326 insaueia-

2070 5361 2237 5414 bilem
2292 5359 2539 5429 synodus
2589 5359 2749 5423 dixit,
2794 5376 2901 5413 non
2958 5361 3360 5427 insaueiatnm;
3413 5363 3659 5433 alioquin

2070 5469 2182 5509 uno
2220 5469 2359 5524 papa
2395 5452 2668 5517 sauciato,
2697 5461 2878 5507 cessat
2907 5464 2959 5506 et
2990 5454 3240 5508 custodia
3271 5465 3324 5508 et
3362 5456 3660 5511 inercditas

2070 5546 2194 5602 tidei
2236 5546 2403 5601 Petri.
2442 5545 2673 5620 Planum
2715 5545 2821 5599 hoc
2868 5544 3079 5600 faciunt
3120 5556 3287 5601 sexta:
3323 5548 3516 5619 synodi
3554 5552 3658 5605 ιά-

2068 5652 2182 5695 tres
2214 5641 2268 5693 in
2309 5637 2748 5707 I‘rospltouetico
2785 5636 2851 5691 ad
2887 5626 3317 5694 Constantinum
3355 5641 3659 5711 imperatu-

2069 5747 2183 5787 rem
2238 5730 2461 5802 quando
2514 5730 2737 5785 sincero
2784 5730 2969 5797 ocule,
3011 5740 3066 5784 et
3122 5732 3272 5785 nulla
3330 5734 3658 5804 cujusquam

2069 5829 2425 5895 suggestione
2474 5833 2682 5879 Statum
2739 5839 2894 5893 papa:
2946 5824 3387 5891 considerantes,
3424 5836 3479 5880 et
3514 5843 3658 5898 quu-

2068 5917 2368 5971 dannnodo
2420 5932 2610 5971 vocent
2665 5915 3032 5969 insunt-inbui:
3090 5916 3504 5986 paraphrastice
3555 5936 3657 5973 ett-

2071 6020 2366 6081 ιυιιειιιοε,
2397 6009 2462 6065 de
2494 6009 2726 6064 Dantasu
2760 6024 2898 6079 papa
2927 6008 3147 6064 aiebant
3182 6026 3196 6063 :
3235 6027 3252 6061 ι
3292 6009 3359 6065 Et
3391 6010 3659 6068 Damasus
