4050 6484
527 369 632 438 115

1678 367 2049 431 ΜΑΤΤΗᾸΞΙ
2087 367 2616 432 CARYOPHYLLI

3649 370 3764 435 816

531 489 870 563 interpositis
902 488 1261 544 rel'ocillatum
1300 487 1487 552 fuerit,
1531 485 1687 541 facile
1735 487 1938 542 deﬁcit.
1985 486 2092 541 Ne.-

2211 503 2318 541 ιαιν
2347 486 2634 556 ἀναψυχὴν
2663 483 2978 553 ἀναγκαίως
3013 483 3421 554 ἐπιζητοῦντος.
3453 487 3556 542 Καὶ
3589 487 3752 540 οὐδα-

523 596 632 652 que
661 595 894 651 usquam
923 577 1152 633 canonis
1201 575 1482 646 apostolici
1540 575 1787 631 meminit
1851 576 1921 631 de
1962 574 2099 630 Sab—

535 676 682 731 bato.
709 673 886 740 Quare
916 672 1147 726 duorum
1177 671 1410 725 alterum
1450 668 1698 723 dicamus
1724 681 1951 723 necesse
1977 678 2092 722 est:

529 768 632 822 vel'
649 767 784 821 tales
813 772 1107 832 tantosque
1138 760 1286 817 viros
1311 759 1590 816 laborasse
1615 758 1946 828 ignorantia,
1971 772 2095 812 cum

532 868 708 912 tamen
734 855 1074 924 antiquiores
1133 851 1360 916 iuerint,
1401 857 1458 906 et
1486 850 1717 920 proinde
1752 846 2099 919 antiquitatis

533 947 700 1017 magis
749 945 930 1015 ρει-ιιι,
993 943 1076 999 vel
1133 943 1502 1012 quinisextam
1541 940 1808 1005 synodum
1859 954 1981 1008 quas
2031 937 2098 993 de

527 1033 765 1089 Sabbato
803 1048 1068 1088 canonem
1110 1032 1304 1095 edidit,
1340 1040 1396 1086 et
1451 1039 1680 1085 caeteros
1708 1044 1969 1094 canones,
2002 1042 2099 1098 per

527 1141 666 1194 quos
688 1141 817 1182 ansa
841 1136 928 1181 est
980 1125 1234 1180 Ecclesiae
1265 1123 1525 1179 Romana:
1571 1137 1778 1192 ponere
1806 1121 1972 1190 leges,
2023 1121 2096 1176 nil

529 1218 677 1272 aliud
705 1219 881 1289 egisse
911 1233 1074 1287 quam
1108 1215 1270 1272 novis
1289 1216 1456 1270 rebus
1470 1214 1770 1279 studuisse,
1789 1221 1847 1268 et
1871 1211 2099 1272 exordio

529 1300 866 1366 sclilsmat'is.
919 1311 1022 1365 l‘er
1055 1309 1192 1364 tales
1230 1322 1361 1364 vero
1424 1319 1664 1363 canones
1707 1307 2098 1376 reprehensum

531 1404 677 1459 velle
734 1418 949 1472 papam,
976 1413 1032 1456 et
1090 1401 1404 1472 liujusmodi
1433 1401 1740 1455 canonibus
1785 1414 1909 1454 esse
1944 1400 2111 1477 illum

528 1495 856 1563 subjectum,
887 1502 973 1548 est
1011 1493 1115 1548 sibi
1155 1493 1451 1555 assentari,
1485 1500 1541 1546 et
1572 1491 1723 1545 virus
1756 1490 1866 1544 odii
1901 1500 2098 1545 contra

531 1603 721 1657 papam
752 1601 1026 1642 evomere.
1067 1583 1256 1654 itaque
1290 1585 1336 1638 si
1369 1599 1562 1654 papam
1585 1584 1709 1652 jure
1755 1583 1942 1636 divino
1979 1597 2100 1636 esse

529 1679 811 1733 custodem
847 1686 903 1733 et
925 1676 1196 1731 medicum
1258 1675 1539 1741 Ecclesia,
1575 1675 1854 1743 totiusque
1899 1689 2096 1742 corpo-

534 1771 608 1824 ris
635 1771 878 1837 oculum,
914 1770 1061 1824 idem
1086 1777 1170 1823 est
1230 1767 1600 1837 metaphorice
1652 1767 1798 1835 quod
1856 1781 1975 1821 esse
2005 1783 2100 1837 gu-

535 1864 878 1916 bernatorem
913 1871 969 1915 et
1013 1869 1286 1929 pastorem
1318 1876 1332 1924 ;
1372 1873 1428 1914 et
1474 1870 1661 1929 pastor
1690 1877 1796 1914 non
1834 1861 2097 1929 pascitur,

532 1936 663 2021 er'go
687 1966 864 2020 neque
897 1951 1063 2020 judex
1084 1951 1382 2020 judicatur.
1417 1949 1480 2003 Et
1509 1949 1554 2004 si
1578 1948 1768 2018 judcx.
1815 1963 1925 2002 non
1972 1948 2096 2002 ideo

535 2055 815 2113 tyrannus,
831 2046 956 2111 quia
977 2042 1389 2112 nonjudicatur.
1416 2049 1620 2095 temere
1647 2054 1840 2110 papam
1864 2048 2094 2108 tyranno

532 2137 820 2198 assimilas,
847 2135 938 2204 qui
960 2135 1124 2205 judex
1155 2149 1184 2187 a
1219 2134 1328 2188 Deo
1359 2133 1712 2197 constitutus,
1762 2146 1792 2184 a
1823 2130 1933 2186 Deo
1957 2145 2098 2199 quo-

533 2243 642 2299 quc
671 2228 834 2283 habet
865 2238 923 2282 ut
949 2242 1057 2283 non
1087 2225 1398 2297 judicetur.’

1029 2524 1233 2583 nn.th
1256 2523 1409 2596 (Cap.
1442 2522 1606 2597 xw).

603 2641 758 2708 Quod
803 2650 932 2696 vero
962 2654 1098 2709 papa
1131 2641 1350 2709 majoris
1406 2655 1516 2695 non
1565 2637 1872 2694 sitordinis
1934 2654 2097 2710 quam

534 2734 884 2806 episcopalis,
951 2743 1167 2788 constat
1232 2747 1297 2786 ex
1347 2733 1538 2796 dictis;
1622 2733 1901 2804 quomodo
1953 2733 2099 2787 enim

537 2827 909 2897 corrigeretur
936 2827 1004 2879 ab
1055 2824 1413 2880 inferioribus
1439 2825 1462 2878 ?
1492 2833 1548 2880 et
1593 2826 1781 2881 Pares
1805 2827 1958 2881 illum
1988 2826 2101 2881 Ro-

537 2932 640 2970 nre
680 2916 999 2986 episcopum
1053 2922 1277 2980 vocant,
1331 2923 1387 2969 et
1417 2916 1485 2970 ab
1508 2914 1781 2986 episcopis
1807 2931 2100 2972 consecra-

538 3019 651 3065 tur.
700 3007 903 3063 Beatus
927 3021 1147 3077 quoque
1186 3000 1494 3076 Dionysius,
1546 3008 1639 3076 qui
1707 3007 1810 3071 fuit
1858 3017 2103 3079 tempore

543 3097 935 3170 aposmiorum,
1043 3095 1234 3149 divisit
1333 3095 1703 3157 bierarchiam
1774 3099 2104 3154 ceclesiasti-

2203 578 2305 648 μοῦ
2359 579 2635 649 μέμνηται
2684 579 2914 641 κανόνος
2960 577 3322 631 ἀποστολικού
3359 580 3767 648 διαγορεύοντος

2200 668 2331 740 περὶ
2383 667 2477 720 τοῦ
2537 667 2845 720 Σαϐϐάτου.
2892 668 3056 721 Ὥστε
3109 668 3253 721 δυοῖν
3317 667 3542 738 θάτερον
3593 672 3769 723 εἰπεῖν

2199 761 2517 828 ἀναγκαῖον,
2569 760 2602 828 η
2654 758 2945 819 τοσούτους
3006 764 3098 812 καὶ
3154 761 3506 829 τηλικούτους
3572 762 3767 831 ἄνδρας

2199 849 2582 920 πεπλανῆσθαι
2615 850 2710 902 ὑπ’
2740 847 3007 917 ἀμαθίας,
3043 852 3137 902 καὶ
3163 852 3336 906 ταῦτα
3369 852 3764 920 ἀρχαιοτέρους

2199 942 2380 1006 δντας,
2425 923 2533 994 καί
2570 939 2661 993 διὰ
2693 939 2853 993 τοῦτο
2895 941 2962 993 τά
3009 942 3108 1008 τῆς
3156 942 3518 1011 ἀρχαιότητος
3570 943 3768 1011 μᾶλλον

2199 1030 2407 1094 εἰδότας
2428 1044 2443 1058 ⁸
2471 1031 2502 1100 ἢ
2531 1032 2656 1093 τοὺς
2684 1029 2784 1100 τῆς
2813 1028 3118 1101 πενθέκτης
3147 1033 3368 1085 συνόδου
3398 1033 3762 1092 ἐκδεδωκότας

2199 1123 2289 1175 τὸν
2331 1123 2530 1176 κανόνα
2579 1123 2707 1191 περὶ
2750 1120 2844 1173 τοῦ
2892 1121 3196 1185 Σαϐϐάτου,
3235 1124 3328 1176 καὶ
3371 1124 3503 1186 τοὺς
3549 1123 3768 1185 λοιποὺς

2199 1219 2456 1282 κανόνας,
2504 1216 2560 1267 ἐν
2593 1208 2675 1277 οἷς
2701 1214 3076 1282 τετολμήκασι
3110 1215 3212 1283 τὴν
3256 1215 3576 1284 Ῥωμαϊκὴν
3605 1232 3766 1268 κανο-

2199 1308 2345 1362 νίσαι
2389 1307 2744 1375 Ἐκκλησίαν,
2776 1306 2929 1358 οὐδὲν
2983 1305 3115 1359 ἄλλο
3161 1307 3508 1376 πεπραχέναι
3551 1309 3585 1378 ἢ
3640 1324 3766 1359 νεω-

2198 1401 2493 1470 τερισμοὺς
2544 1400 2640 1453 καὶ
2685 1401 3004 1468 σχισμάτων
3063 1400 3348 1468 προοίμια.
3387 1400 3661 1463 Τοιούτοις
3713 1400 3768 1452 δέ

2202 1495 2389 1546 κανόσι
2422 1493 2650 1559 ἀλέγειν
2722 1491 3080 1560 ἐπιτιμᾶσθαι
3143 1494 3240 1545 καὶ
3307 1493 3625 1546 ὑποκεῖσθαι
3680 1493 3767 1544 τὴν

2201 1585 2433 1637 πάππαν
2465 1584 2519 1636 τί
2566 1583 2714 1645 ἄλλο,
2748 1583 2782 1653 ἢ
2812 1584 2876 1634 τὰ
2899 1582 3156 1634 δοκοῦντα
3183 1583 3377 1648 λέγειν,
3419 1585 3510 1636 καὶ
3537 1587 3595 1637 τὸ
3625 1589 3758 1635 κατὰ

2201 1676 2294 1728 τοῦ
2342 1677 2542 1727 πάππα
2584 1678 2740 1740 μῖσος
2788 1675 3111 1743 ἐρεύγεσθαι
3138 1693 3151 1739 ;
3183 1673 3324 1727 ὥστε
3353 1675 3513 1744 εἴπερ
3553 1675 3610 1727 τὸ
3636 1669 3772 1726 εἶναι

2205 1767 2335 1834 θείῳ
2376 1765 2570 1834 δικαίῳ
2617 1768 2838 1833 φύλακα
2884 1769 2976 1818 τὸν
3016 1767 3267 1828 πάππαν,
3304 1765 3399 1818 καὶ
3453 1767 3632 1834 ίατρὸν
3672 1769 3770 1832 τῆς

2217 1859 2567 1928 Ἐκκλητίας,
2604 1858 2700 1910 καὶ
2748 1857 3029 1926 ὀφθαλμὸν
3068 1855 3161 1909 τοῦ
3200 1857 3325 1909 ὅλου
3365 1857 3637 1926 σώματος,
3675 1875 3771 1925 με·

2207 1949 2521 2018 ταφορικῶς
2570 1948 2868 2018 λεγόμενον
2917 1949 3116 2000 ταυτόν
3163 1951 3279 2000 ἐστι
3314 1949 3374 2000 τὸ
3406 1945 3543 2000 εἶναι
3577 1948 3776 2018 κυόερτ

2208 2044 2379 2111 νήτην
2430 2042 2523 2093 καὶ
2575 2044 2810 2109 ποιμένα
2837 2060 2848 2070 ·
2884 2043 2979 2092 καὶ
3012 2043 3042 2094 ό
3086 2040 3290 2110 ποιμὴν
3314 2041 3374 2092 ού
3409 2041 3602 2109 ποιμαί
3636 2058 3773 2103 εται,

2210 2133 2319 2201 ἄρα
2348 2132 2440 2186 καὶ
2471 2134 2498 2180 ὁ
2529 2133 2724 2200 κριτὴς
2753 2131 2814 2183 οὐ
2847 2132 3131 2198 κρίνεται·
3163 2133 3254 2184 καὶ
3291 2132 3446 2201 εἴπερ
3478 2133 3534 2186 οὺ
3572 2134 3772 2200 τύραν-

2212 2241 2300 2286 νος
2355 2225 2382 2276 ό
2443 2223 2636 2292 κριτὴς
2697 2222 2787 2274 διά
2845 2221 2906 2273 τὸ
2965 2224 3039 2293 μὴ
3090 2220 3396 2293 κρίνεσθαι,
3458 2223 3778 2293 παραλόγως

2213 2316 2462 2385 τυράννῳ
2510 2313 2756 2378 εἰκάζεις
2800 2312 2892 2366 τὸν
2943 2315 3201 2379 πάππαν,
3229 2313 3290 2377 ὃς
3335 2315 3521 2367 θεόθεν
3552 2316 3686 2384 ἔχων
3717 2316 3780 2366 τὸ

2215 2407 2444 2478 κρίνειν,
2476 2405 2688 2459 ἐκεῖθεν
2714 2405 2828 2476 ἔχει
2858 2407 2954 2459 καὶ
2985 2406 3048 2458 τὸ
3079 2405 3157 2476 μὴ
3188 2404 3486 2476 κρίνεσθαι.

2869 2512 3144 2577 ΝΕῘΔΟΣ.

2290 2658 2308 2690 ι
2356 2638 2478 2691 Ὀτι
2511 2636 2567 2690 δὲ
2603 2639 2700 2692 καὶ
2741 2636 2988 2704 μείζονος
3021 2637 3228 2703 τάξεως
3277 2637 3309 2706 ἢ
3345 2640 3466 2690 κατ’
3492 2638 3782 2692 ἐπίσκοπον

2210 2730 2312 2782 οὐκ
2356 2730 2472 2781 ἔστι
2518 2730 2589 2792 τὸ]
2617 2729 2739 2782 κατ’
2767 2728 2957 2788 αὐτόν.
2987 2729 3150 2798 δῆλον
3181 2730 3279 2799 μὲν
3304 2732 3396 2782 καὶ
3425 2730 3482 2796 ἐξ
3518 2724 3590 2784 ὧν
3626 2732 3777 2800 είρηο

2210 2836 2302 2873 ται
2324 2835 2338 2851 ·
2378 2819 2499 2883 πῶς
2528 2821 2638 2889 γὰρ
2668 2820 2822 2897 παρά
2847 2819 2957 2872 τῶν
3005 2820 3222 2874 ἔλαττον
3268 2822 3499 2891 ἐχόντων
3528 2823 3782 2875 εὐθύνετο

2215 2913 2315 2973 av;
2371 2909 2467 2964 καὶ
2513 2911 2816 2964 ἐπίσκοπον
2861 2910 2917 2965 δὲ
2973 2911 3188 2982 Ῥώμης
3239 2913 3398 2966 αὐτὸν
3443 2916 3493 2966 oi
3545 2915 3781 2985 Πατέρες

2215 3003 2467 3070 καλοῦσι,
2500 3005 2594 3057 καὶ
2634 3005 2764 3073 παρ’
2815 3004 3135 3058 ἐπισκόπων
3183 3009 3588 3076 χειροτονεῖται.
3637 3005 3697 3059 Ὀ
3725 3007 3783 3059 δὲ

2218 3099 2490 3167 μακάριος
2524 3098 2801 3161 Διονύσιος
2857 3097 2950 3150 ἐπὶ
3002 3099 3110 3152 τῶν
3163 3099 3478 3153 ἀποστόλων
3521 3100 3780 3168 γεγονὼς,

541 3205 660 3244 cam
725 3191 778 3243 in
828 3190 1111 3243 ministros
1189 3186 1504 3242 sacerdOtes
1547 3197 1603 3242 et
1634 3189 1958 3259 episcopos;
2014 3207 2105 3246 nec

2220 3190 2298 3250 είς
2357 3187 2713 3256 λειτουργοὺς
2765 3190 2858 3242 καὶ
2912 3189 3093 3259 ἱερέας
3153 3193 3247 3244 καὶ
3305 3191 3634 3256 ἐπισκόπους
3685 3194 3783 3261 τὴν

537 3283 665 3338 licet
712 3297 778 3337 ex
838 3281 1022 3335 verbis
1093 3280 1211 3349 ejus
1258 3278 1580 3350 dignitatem
1641 3280 1937 3350 episcopali
1995 3298 2111 3338 ma-

535 3377 708 3446 jorem
773 3375 1110 3444 excogitare,
1181 3392 1198 3422 υ

1101 3574 1558 3636 CONFUTATIO.

612 3688 727 3746 Hoc
779 3689 847 3745 ad
871 3690 1116 3745 umbram
1143 3689 1387 3760 pugnare
1441 3700 1544 3746 est.
1595 3690 1728 3757 Quis
1782 3691 1932 3747 enim
1976 3693 2116 3748 dixit

545 3797 811 3852 unquam,
842 3797 1037 3851 papam
1067 3782 1291 3852 majoris
1312 3796 1434 3837 esse
1462 3783 1677 3838 ordinis
1706 3799 1869 3852 quam
1903 3787 2116 3856 episco-

544 3875 680 3945 palis
704 3875 822 3929 Mn
849 3889 978 3929 vero
1016 3889 1112 3944 per
1140 3884 1190 3930 te
1223 3873 1863 3946 Coustantinopolitanus
1893 3880 2116 3949 majoris

543 3977 627 4022 cst
655 3966 864 4022 ordinis
891 3981 1053 4036 quam
1078 3967 1445 4036 episcopalis?
1473 3969 1554 4022 An
1585 3983 1712 4024 vero
1747 3984 1845 4040 per
1887 3980 1938 4025 te
1969 3971 2113 4026 Con-

546 4060 1062 4126 stautinopolitauus
1093 4059 1316 4128 majoris
1359 4050 1652 4115 estordinis
1697 4045 1862 4132 quam
1901 4062 2115 4132 episco-

551 4152 686 4218 palis
714 4151 735 4205 ί
760 4142 818 4206 Si
841 4166 974 4220 ergo
999 4151 1104 4215 ille,
1135 4167 1259 4206 cum
1288 4152 1358 4207 sit
1378 4153 1689 4224 episcopus,
1721 4154 1887 4208 habet
1934 4162 2112 4210 tamen

545 4246 647 4298 sub
665 4259 724 4299 se
746 4243 1081 4308 bierarclias,
1110 4258 1216 4313 qua
1237 4245 1449 4300 ratione
1475 4261 1645 4315 papae,
1671 4249 1797 4301 cum
1816 4246 1888 4301 sit
1904 4247 2118 4316 episco-

545 4353 670 4406 pus,
715 4335 1006 4406 primatum
1043 4336 1194 4390 illum
1252 4350 1441 4406 negas,
1483 4337 1642 4408 cujus
1666 4338 1746 4393 illi
1790 4347 1958 4393 testes
1985 4348 2115 4393 sunt

545 4439 714 4479 sacra:
767 4424 1002 4494 synodi?
1029 4422 1163 4480 Cum
1197 4423 1354 4479 tertia
1387 4426 1631 4497 synodus
1681 4437 1956 4495 ageretur,
2001 4428 2112 4484 Bo-

2215 3279 2677 3350 ἐκκ).ησιαστικὴν
2733 3283 3016 3358 ἱεραρχίαν
3071 3283 3300 3352 διαιρῶν
3360 3284 3630 3352 φαίνεται,
3683 3288 3776 3338 καὶ

2218 3368 2442 3437 μείζονα
2469 3369 2570 3437 τῆς
2597 3368 2694 3421 τοῦ
2726 3372 3030 3424 ἐπισκόπου
3059 3372 3215 3438 ἀξίας
3259 3373 3369 3427 οὐδ’
3395 3372 3542 3427 εστιν
3568 3376 3634 3428 ἐκ
3673 3375 3780 3430 τῶν

2216 3462 2426 3514 ἐκείνου
2458 3462 2633 3530 λόγων
2663 3464 2924 3517 ἐπινοεῖν.
2965 3482 2984 3516 ι

2790 3577 3226 3636 ΑΝΤΙΡΡΗΣΙΣ.

2291 3693 2464 3747 Ίόύτο
2508 3697 2843 3763 σκιαμαχεῖν
2890 3696 3063 3762 ἐστιν,
3119 3689 3165 3748 ὧ
3214 3695 3482 3765 βέλτιστε.
3530 3699 3623 3763 Τίς
3677 3703 3787 3770 γὰρ

2219 3777 2342 3836 εἶπέ
2373 3801 2505 3838 ποτε
2534 3787 2645 3839 τῶν
2674 3785 2935 3840 ἀπάντων
2960 3788 3054 3840 τὸν
3088 3789 3322 3842 πάππαν
3347 3773 3613 3859 Δμείζονος·
3644 3790 3786 3846 εἶναι

2214 3876 2423 3941 τάξεως
2466 3877 2755 3948 ἱερατικῆς
2783 3879 2816 3948 ἦ
2849 3877 2970 3932 κατ’
3014 3880 3312 3934 ἐπίσκοπον
3339 3899 3355 3945 ;
3384 3884 3538 3938 Κατά
3581 3886 3638 3937 σὲ
3674 3887 3728 3938 δὲ
3757 3889 3786 3939 ό

2216 3967 2846 4031 Κωνσταντινουπόλεως
2893 3970 3140 4041 μείζονάς
3172 3973 3321 4026 ἐστιν
3350 3974 3381 4045 ἢ
3419 3974 3536 4031 κατ’
3563 3978 3782 4032 ἐπίσκο-

2215 4077 2320 4114 πον
2365 4061 2607 4130 τάξεωςς
2640 4063 2704 4116 Et
2737 4063 2872 4130 γοῦν
2918 4065 3214 4128 ἐπίσκοπος
3250 4066 3324 4120 ὢν
3364 4066 3476 4137 ἔχει
3525 4069 3651 4134 τοὺς
3683 4071 3777 4124 ὑπ’

2215 4155 2376 4208 αὑτὸν
2424 4155 2707 4226 ίεράρχας,
2739 4157 2847 4209 τίνι
2892 4157 3040 4228 λόγῳ
3082 4159 3176 4210 τὸν
3217 4161 3447 4212 πάππαν
3477 4160 3606 4215 ὄντα
3661 4163 3783 4216 ἐπί-

2218 4261 2423 4300 σκοπον
2477 4248 2686 4318 ἀφαιρῇ
2751 4247 2813 4301 τδ
2867 4251 3139 4318 πρωτεῖον
3200 4251 3414 4317 ἐκεῖνο,
3444 4253 3581 4322 ὅπερ
3636 4256 3781 4322 αὐτῷ

2217 4336 2741 4408 προσμαρτυροὼιν
2765 4339 2821 4392 αί
2851 4340 3096 4407 σύνοδοις
3136 4342 3261 4394 Ἐπὶ
3288 4343 3390 4413 τῆς
3410 4344 3602 4416 τρίτης
3633 4348 3784 4401 συνό-

2217 4428 2308 4482 δου
2360 4431 2680 4493 Κελεστίνος
2737 4426 2807 4501 ἦν
2871 4431 3096 4502 Ῥώμης
3145 4434 3462 4502 ἐπίαοπος,
3519 4437 3780 4509 Κύριλλος

547 4531 743 4571 manus
785 4515 1076 4589 episcopus
1116 4503 1238 4570 erat
1273 4513 1630 4584 leestinus,
1708 4517 1946 4587 Cyrillus
1985 4521 2101 4576 Ale-

2227 4518 2659 4592 Ἀλεξανδρείας,
2689 4519 2945 4593 Ἰωάννης
2998 4521 3354 4596 Ἀντιοχείας.
3389 4503 3632 4582 Καθείλέ.
3667 4531 3777 4584 Κύ-

549 4607 873 4672 nndrinus,
904 4607 1145 4662 Joannes
1166 4608 1563 4664 Antiocitenus.
1598 4610 1856 4678 Deposuit
1875 4609 2113 4666 Joannes

544 4696 806 4768 Cyrillum
839 4714 854 4760 ;
885 4713 1025 4766 aegre
1057 4697 1264 4753 terebat
1283 4696 1540 4767 Cyrillus,
1572 4698 1718 4768 quod
1746 4714 1872 4754 cum
1896 4699 2115 4769 dignio-

547 4790 627 4846 ris
655 4798 801 4844 esset
840 4790 1006 4855 sedis,
1066 4787 1262 4846 fuisset
1290 4806 1320 4846 a
1350 4790 1559 4848 Joanne
1587 4791 1890 4861 depositus.
1913 4792 2116 4847 Scribit

551 4878 798 4951 synodus
846 4894 1043 4949 rogans
1076 4894 1272 4950 papam
1342 4891 1402 4935 ut
1447 4881 1502 4936 in
1549 4881 1819 4937 Joannem
1867 4883 2115 4937 animad-

548 4981 808 5036 verteret,
845 4985 914 5026 ne
957 4971 1220 5027 Ecclesiae
1279 4986 1368 5028 res
1413 4971 1630 5028 abirent
1699 4975 1754 5027 in
1811 4983 2112 5028 extremam

546 5062 940 5120 confusionem.
968 5061 1045 5117 De
1076 5063 1277 5132 quibus
1302 5064 1562 5120 omnibus
1583 5080 1751 5136 supra
1774 5065 1980 5120 dictum
2007 5078 2111 5122 est.

547 5152 835 5220 Quomodo
911 5153 1075 5223 igitur
1133 5154 1425 5224 episcopus
1473 5170 1598 5211 cum
1651 5158 1912 5226 episcopo
1968 5159 2111 5227 apud

547 5245 865 5314 episcopum
887 5244 1096 5314 judicio
1140 5246 1428 5300 certabat?
1458 5248 1540 5301 Au
1585 5248 1721 5303 l’orte
1753 5249 2007 5320 Cyrillus,
2058 5261 2114 5306 et

551 5336 803 5390 universa
835 5346 1020 5392 sancta
1045 5337 1286 5407 synodus
1315 5339 1596 5406 ignorabat
1628 5341 1871 5395 ordinem
1901 5343 2113 5411 episco-

554 5439 770 5494 porum.
837 5426 952 5481 Non
979 5442 1112 5498 ergo
1153 5430 1453 5498 requiritur
1487 5431 1552 5483 ad
1575 5433 1969 5500 plenitudinem
2022 5452 2112 5490 cc-

551 5517 866 5572 clesiaslica
897 5518 1245 5587 bierarcbic,
1298 5532 1356 5574 ut
1393 5522 1569 5591 prima
1599 5523 1759 5578 sedes
1787 5525 1857 5578 sit
1890 5525 2112 5593 majoris

549 5609 762 5663 ordinis
786 5610 1160 5672 sacerdotalis,
1224 5612 1318 5667 sed
1347 5614 1633 5682 dignitatis
1680 5625 1734 5669 et
1765 5619 2111 5672 auctoritatis

551 5699 792 5770 majoris.
845 5700 959 5756 Hoc
1015 5703 1118 5756 sibi
1156 5704 1273 5758 vult
1303 5705 1448 5774 apud
1499 5704 1688 5760 Patres
1713 5717 1879 5764 sexta:
1915 5711 2108 5779 synodi

552 5792 739 5849 titulus
768 5794 877 5862 ille,
929 5791 1424 5883 Pontiﬁcatiuimus
1457 5798 1710 5865 antistes;
1743 5808 1797 5854 et
1836 5816 1995 5856 voces
2047 5803 2112 5856 il-

2220 4610 2400 4681 ριλλον
2428 4614 2455 4665 ό
2483 4613 2737 4684 Ἰωάννης
2764 4631 2778 4648 ο
2820 4617 3120 4688 ἠγανάκτει
3152 4618 3440 4689 Κύριλ).ος,
3485 4621 3567 4676 δτι
3603 4623 3781 4692 μείζο-

2219 4719 2308 4766 νος
2354 4703 2429 4758 ὣν
2464 4705 2655 4776 θρόνου
2683 4707 3004 4781 καθῃρέθη.
3037 4710 3246 4782 Γράφει
3286 4713 3320 4782 ἠ
3355 4713 3577 4776 σύνοδος
3601 4731 3780 4784 παρι-

2219 4794 2463 4850 καλοῦσα
2511 4798 2604 4851 τὸν
2627 4800 2866 4854 πάππαν
2910 4801 3296 4871 ἀγανακτῆσαι
3339 4805 3480 4860 κατά
3509 4804 3774 4872 Ἰωάννου,

2221 4887 2307 4939 ῐνα
2339 4889 2436 4958 μὴ,
2468 4889 2656 4958 φασιν,
2696 4892 2896 4966 οἴχοιτο
2933 4891 3003 4945 τά
3027 4893 3127 4962 τῆς
3161 4891 3509 4964 ’Ἐκκλησίας
3537 4897 3616 4960 είς
3648 4913 3780 4952 παν-

2220 4979 2352 5048 τελῆ
2409 4980 2670 5052 σύγχυσιν
2696 4999 2710 5012 ·
2756 4983 2887 5052 περὶ
2916 4976 2991 5038 ὧν
3038 4985 3297 5039 ἁπάντων
3337 4988 3596 5060 ἀνωτέρω
3630 4991 3780 5061 είρή·

2217 5088 2410 5140 καμεν.
2449 5074 2581 5125 Τίνα
2603 5073 2734 5141 γοῦν
2765 5077 2964 5143 τρόπον
2996 5078 3296 5141 ἐπίσκοπος
3327 5081 3612 5152 ἐπισκόπει»
3645 5084 3776 5151 παρ’

2217 5164 2505 5234 ἐπισκόπῳ
2566 5165 2884 5233 ἐδικάζετος
2945 5171 3015 5222 Ἢ
3071 5171 3213 5240 τάχα
3272 5173 3539 5243 Κύριλλος
3595 5176 3778 5246 ἠγνόει

2216 5253 2314 5324 τὴν
2341 5257 2498 5320 τάξιν
2529 5259 2638 5310 τῶν
2669 5262 3010 5326 ἐπισκόπων,
3042 5264 3073 5334 ἢ
3108 5265 3257 5317 πᾶσα
3286 5266 3316 5334 ἡ
3365 5266 3497 5333 ἀγία
3525 5267 3777 5335 σύνοδοςς

2216 5349 2330 5399 υὺκ
2386 5350 2495 5420 ἀρα
2552 5351 2687 5419 πρὸς
2733 5351 2793 5402 τὸ
2853 5353 3129 5422 πλήρωμα
3183 5355 3280 5424 τῆς
3321 5357 3780 5428 ἐκκλησιαστικῆς

2219 5435 2738 5516 ίεραρχίαςὰνάγκη
2772 5440 2861 5494 τὸν
2883 5445 3333 5514 πρωτοκάθεδρον
3365 5442 3504 5500 εἶναι
3533 5449 3777 5517 μείζονος

2217 5526 2501 5594 ἱερατικῆς
2534 5531 2763 5593 τάξεως,
2795 5531 2931 5583 ἀλλά
2965 5534 3209 5600 μείζονος
3258 5535 3452 5605 θρόνου
3503 5539 3597 5590 καὶ
3626 5539 3781 5604 ἐξου-

2215 5617 2356 5678 σίας.
2392 5616 2565 5671 Τοῦτο
2601 5619 2854 5688 βούλεται
2899 5627 3011 5685 τοῖς
3041 5626 3285 5694 Πατρὰσι
3331 5628 3429 5696 τῆς
3471 5631 3524 5691 ς’
3564 5629 3780 5682 συνόδιυ

2213 5714 2272 5764 τὸ
2296 5754 2308 5772 ,
2359 5715 2953 5783 Ἀρχιερατικώτατος
2985 5720 3274 5788 πρόεδρος
3297 5737 3312 5752 ·
3353 5722 3448 5774 καὶ
3475 5721 3535 5773 τὸ
3563 5721 3656 5774 τοῦ
3685 5722 3784 5792 βα.

2216 5805 2404 5868 σιλέως
2472 5808 2834 5877 Πωτωκάτου,
2901 5811 3301 5882 Οἱκουμενικῷ
3358 5813 3775 5885 ἀρχιποίμενι,
