4050 6500
270 472 403 539 ειδ

1608 464 2039 532 liEFUTATIO
2082 465 2262 526 Νιιῐ.

3452 454 3560 519 866

269 561 435 640 των.
464 588 577 657 Οὐχ
610 586 785 652 οὕτως
819 588 1075 655 ἐξέλαϐον
1105 587 1205 655 τὴν
1232 585 1417 657 φωνὴν
1449 583 1499 635 οἱ
1531 581 1706 637 πολλὰ
1753 596 1857 633 κατ

1984 576 2119 630 tium
2150 585 2236 629 cst
2272 574 2325 627 in
2352 571 2574 626 divinis.
2605 570 2725 625 Non
2760 570 2833 625 ita
2866 585 3058 625 vocem
3091 570 3235 624 hanc
3272 569 3559 626 intellexe-

273 677 516 749 ἐκείνης
540 678 876 747 ἁθλήσαντις
898 681 1175 748 ἀρχιερεῖς
1195 681 1293 747 τῆς
1314 677 1558 747 Ῥώμης.
1580 674 1868 741 Πελάγιος.

272 771 391 824 καὶ
422 772 722 842 Γρηγόριος
751 775 778 825 ό
820 773 1099 839 Διάλογος·
1139 771 1250 825 οὐδ’
1293 772 1649 841 ἡρμήνευσαν
1695 767 1869 829 οὕτως

270 863 342 914 οἱ
400 864 499 931 τὴν
550 864 735 933 φωνὴν
786 861 990 931 ταύτην
1038 864 1247 933 πρῶτοι
1294 861 1714 931 ὲφαρπάσαντες
1765 877 1870 912 πα-

272 956 597 1023 τριάρχαι,
642 954 899 1025 Ἰωάννης
946 956 975 1006 ό
1025 956 1344 1025 Νηστευτὴς
1398 954 1493 1007 καὶ
1549 950 1865 1022 Κυριακός·

274 1045 411 1098 ἀλλ’
439 1046 858 1115 οὶκουμενικοὺς
891 1047 1204 1115 ἐπέγραφον
1239 1046 1465 1106 ἑαυτοὺς
1505 1040 1867 1127 καταγξώμε-

273 1152 375 1188 νοι
404 1136 485 1205 τῷ
514 1137 923 1208 σημαινομένῳσ
958 1138 1053 1191 καὶ
1084 1135 1158 1198 ὥς
1193 1152 1360 1204 φησιν
1390 1137 1417 1188 ὁ
1446 1133 1700 1201 Διάλογος
1730 1133 1868 1201 γρά-

278 1244 412 1295 φων
459 1228 797 1299 ’Δναστασίῳ
843 1228 922 1296 τῷ
961 1228 1330 1297 Ἀντιοχείας·
1363 1227 1638 1297 Τοιαύτην
1686 1225 1868 1279 αἰτίαν

276 1321 681 1389 παρεχόμενοι,
719 1320 861 1374 ὥστε
904 1321 952 1373 εί
1000 1321 1229 1387 ταύτην,
1266 1318 1453 1388 φησιν,
1499 1316 1745 1383 εὐμενῶς
1775 1316 1867 1383 φέ-

283 1428 484 1481 ρομεν.
513 1411 613 1481 τῆς
644 1413 878 1465 καθόλου
916 1410 1249 1479 Ἐκκλησέας
1287 1409 1384 1477 τὴν
1429 1410 1616 1462 πίστιν
1647 1406 1868 1479 φθείρο-

283 1521 412 1572 μεν.
447 1505 554 1556 Καὶ
588 1505 687 1557 οὐκ
718 1506 866 1557 ἔστιν
892 1504 1027 1557 ὅπου
1078 1504 1206 1574 περὶ
1249 1502 1349 1573 τῆς
1392 1502 1582 1570 φωνῆς
1615 1500 1865 1570 γράφων,

285 1595 491 1665 συχνὰς
517 1596 571 1647 δὲ
598 1614 663 1648 πε
674 1597 727 1664 pl
752 1595 957 1666 ταύτης
980 1596 1181 1649 ἔδωκεν
1204 1593 1517 1659 ἐπιστολὰς,
1537 1595 1636 1646 οὒκ
1662 1593 1864 1656 ἀθετεῖ,

279 1692 386 1741 καὶ
417 1688 785 1742 ἀποδάλλεται
816 1690 891 1753 ὡς
923 1688 1174 1758 βέϐηλον,
1202 1687 1279 1750 ὡς
1308 1686 1467 1756 ῦὸριν
1491 1685 1593 1755 τῆς
1637 1685 1866 1756 Ἐκκλη-

284 1780 433 1842 σίας,
468 1780 545 1841 ὡς
576 1781 834 1847 μεγάλων
864 1779 1127 1850 ἀφορμὴν
1159 1777 1500 1840 σκανδάλων,
1544 1773 1865 1838 ἀλαζονείας

284 1872 516 1941 μεστὴν,
551 1871 643 1925 τοῦ
679 1872 1052 1942 Ἀντιχρίστου
1086 1871 1422 1942 πρόδρομον,
1455 1867 1738 1941 ἀπώλειαν
1766 1866 1867 1934 τῆς

282 1964 551 2029 πίστεως,
587 1966 832 2030 ἀνοσίαν,
869 1963 1262 2031 ἀντιλέγουσαν
1292 1962 1372 2032 τῷ
1403 1960 1723 2029 Εὑαγγελίφ
1770 1960 1863 2010 καὶ

280 2052 398 2114 τοῖς
436 2053 603 2122 ἱεροῖς
640 2054 885 2121 κανόσιν,
936 2054 1296 2124 ἀλλοτρίωσιν
1332 2053 1433 2123 τῆς
1468 2053 1729 2117 πίστεως,
1768 2052 1865 2105 καὶ

281 2144 561 2198 οίκείωσιν
592 2146 885 2217 αἱρέσεως,
933 2147 1100 2215 φησιν
1151 2147 1211 2200 ὲν
1264 2147 1331 2217 τῇ
1377 2144 1609 2217 δευτέρα
1663 2142 1862 2215 πράξιι

284 2238 385 2307 τῆς
425 2236 660 2309 ἑϐδόμης
697 2238 917 2292 συνόδου
954 2240 982 2292 ό
1011 2238 1244 2302 πάππας
1287 2238 1591 2309 ⁹Δδριιινός.

935 2532 1215 2589 ΝΕΙΛΟΣ.

357 2662 377 2699 ι
421 2647 480 2701 '0
514 2646 574 2700 δὶ
592 2648 868 2717 μακάριος
889 2647 1281 2721 Χρυσόστομος
1302 2655 1399 2708 καὶ
1422 2652 1532 2707 τῶν
1553 2653 1857 2726 ἁρχιιρέων
1938 2678 1940 2680 τ

282 2735 516 2790 ἕκαστον
566 2738 627 2789 ιν
683 2736 761 2806 τῷ
793 2735 889 2790 τοῦ
920 2738 1161 2808 Χριστοῦ
1191 2740 1368 2813 θρόνῳ
1407 2742 1633 2796 καθίσαι
1685 2743 1855 2813 λέγει,

282 2825 478 2898 ὥσπερ
497 2829 626 2888 τοὺς
655 2830 917 2896 νομικοὺς
943 2826 1133 2898 ίέρὲας
1149 2833 1243 2886 ἐπὶ
1262 2834 1359 2888 τοῦ
1379 2834 1569 2905 θρόνου
1586 2834 1855 2900 Μωσέως.

283 2917 452 2974 Ὥστε
481 2919 544 2972 οὐ
568 2918 713 2989 μέγα
744 2920 823 2990 τῷ
858 2920 1084 2993 Ῥώμης
1114 2924 1290 2996 θρόνῳ
1311 2925 1373 2978 τὸ
1399 2926 1552 2998 παρὰ
1577 2926 1689 2980 τῶν
1717 2929 1856 2982 ἀπο-

283 3008 488 3065 στόλων
510 3011 828 3080 «καλεῖσθαι,
859 3013 1097 3068 ἑκάστου
1134 3015 1245 3070 τῶν
1272 3018 1589 3073 ἐπισκόπων
1629 3018 1724 3071 hri.
1758 3017 1853 3072 τοῦ

280 3096 475 3170 θρόνου
499 3100 594 3155 τοῦ
631 3101 875 3173 Χριστοῦ
910 3104 1252 3175 καθημένου.
1292 3125 1310 3159 ι

847 3219 1283 3278 ΑΝΤΙΡΡΗΣΙΣ.

363 3327 651 3397 ’Δνωτέρω
706 3330 807 3399 μὲν
855 3330 1044 3401 ελεγες
1093 3332 1329 3388 ἕκαστον
1384 3336 1495 3389 τῶν
1543 3336 1853 3392 καθολικῶν

278 3417 488 3487 θρόνων
521 3418 883 3472 ὰποστολικὸν
908 3420 1297 3489 ὀνομάζεσθαι,
1331 3422 1473 3477 ὥστε
1496 3423 1587 3477 τὸν
1620 3425 1855 3480 πάππαν

280 3506 469 3575 μηδὲν.
494 3505 659 3559 πλέον
686 3503 838 3577 εχειν
870 3508 1012 3562 κατά
1038 3525 1104 3575 γε
1132 3511 1288 3564 τοῦτο
1315 3511 1458 3582 ὑπὲρ
1492 3514 1620 3577 τοὺς
1653 3515 1849 3569 ἀνατο-

276 3598 464 3661 λικοὺς
494 3600 845 3668 πατριάρχας
866 3615 881 3629 ·
910 3599 1006 3653 νῦν
1032 3602 1091 3666 δὲ
1117 3601 1299 3673 λέγεις
1334 3604 1412 3675 μὴ
1440 3605 1550 3659 τῶν
1584 3623 1851 3678 πατριαρ-

278 3688 392 3757 χῶν
424 3689 607 3756 μόνον,
642 3688 779 3741 ἀλλὰ
814 3690 908 3742 καὶ
938 3690 1049 3744 τῶν
1081 3693 1398 3746 ἐπισκόπων
1423 3695 1657 3749 ἑκάστου
1684 3696 1852 3766 μηδὶν

272 3781 441 3834 πλέον
469 3781 616 3850 ἔχειν
656 3783 752 3837 τὸν
782 3784 1038 3848 πάππαν,
1069 3785 1305 3855 ἔπειπερ
1336 3786 1484 3840 κατὰ
1511 3786 1625 3839 τὸν
1662 3788 1849 3855 μακά-

276 3890 394 3945 ριον
422 3874 816 3945 Χρυσόστομον
843 3876 1082 3941 ἕκαστος
1116 3877 1229 3931 τῶν
1261 3878 1583 3932 ἰπισκόπων
1610 3880 1850 3951 κάθηται

275 3966 370 4019 ἐπὶ
402 3967 498 4019 τοῦ
528 3967 720 4037 θρόνου
750 3967 845 4022 τοῦ
891 3967 1158 4040 Χριστοῦο
1196 3970 1293 4023 καὶ
1330 3968 1506 4024 ταῦτα
1539 3970 1715 4039 λέγων
1736 3958 1853 4027 ’δύο

277 4058 639 4129 ἁμαρτάνεις
667 4056 728 4111 ιν
756 4058 884 4127 ιμὶν,
913 4059 999 4113 δτι
1041 4058 1139 4112 τοῦ
1166 4059 1564 4129 Χρυσοστόμου
1593 4063 1655 4115 τὸ
1685 4063 1849 4132 ρητδν

274 4147 649 4220 διαστρέφεις·
680 4144 802 4203 εἶτα
854 4151 950 4203 καὶ
999 4148 1186 4220 σαυτῷ
1227 4152 1611 4220 πιριπίπτεις.
1653 4153 1741 4207 Ἐν
1768 4148 1850 4217 οἷς

274 4241 388 4310 γὰρ
414 4240 506 4295 τὸν
534 4243 774 4295 πάππαν
819 4240 1201 4307 ἐξευτελίξεις,
1256 4245 1389 4311 μίαν
1438 4244 1850 4311 ἁπαξαπάντων

271 4332 625 4402 δογματίζεις
658 4333 903 4403 ἰσότητα,
936 4334 1095 4405 ειπερ
1127 4332 1237 4386 τῶν
1265 4336 1587 4389 ἐπισκόπων
1619 4337 1848 4401 ἕκαστος

272 4426 372 4478 ἱνα
402 4423 619 4478 καὶτὸν
666 4425 832 4477 αὑτὸν
876 4424 990 4493 ἔχει
1035 4425 1131 4477 τοῦ
1179 4426 1419 4496 Χριστοῦ
1468 4426 1692 4497 θρόνον.
1726 4428 1849 4491 Πῶς

272 4518 454 4573 τοίνυν
485 4518 673 4588 ﬂexa;
703 4520 830 4580 τοὺς
859 4519 1187 4581 καθολικοὺς
1221 4518 1332 4598 τῷν
1362 4510 1570 4589 θρόνων
1594 4520 1671 4584 ὡς
1701 4523 1848 4586 ἐξαι-

276 4612 431 4680 ρετόν
459 4629 513 4663 τι
550 4611 837 4665 καλεῖσθαι
882 4612 1091 4675 πάντας
1140 4598 1578 4677 ἀποστολικούς;
1616 4613 1679 4666 El
1733 4615 1843 4681 γὰρ
1875 4636 1919 4691 ι)

276 4704 464 4772 μεῖζον
513 4703 658 4773 ἔχειν
704 4704 795 4755 τὸν
859 4702 1098 4770 Χριστοῦ
1154 4704 1366 4773 θρόνον,
1415 4706 1842 4775 ἢαποστολικὸν

274 4792 437 4858 εἶναι,
466 4803 560 4849 καὶ
597 4798 799 4857 πάντες
828 4800 878 4848 οἱ
918 4798 1209 4849 ἐπίσκοποι
1258 4798 1349 4849 τὸν
1384 4798 1623 4867 Χριστοῦ
1655 4800 1843 4867 ἔχουσι

275 4884 485 4955 θρόνον,
518 4886 721 4949 πάντες
770 4886 879 4954 ἄρα
919 4886 979 4938 τὸ
1028 4887 1215 4955 μεῖζον
1255 4888 1465 4957 ἔχουσι,
1513 4891 1608 4943 καὶ
1659 4892 1740 4953 είς
1789 4891 1848 4943 τὸ

274 4963 662 5048 οὑδὶνόῐχεται
709 4983 850 5032 κατὰ
888 4979 946 5032 σὲ
1000 4979 1111 5033 τῶν
1158 4981 1519 5050 πατριαρχῶν
1568 4985 1600 5050 ἡ
1660 4984 1848 5054 προτί-

275 5086 438 5140 μησις
474 5069 563 5122 διὰ
607 5068 666 5121 τὸ
710 5070 994 5123 καλεῖσθαι
1027 5070 1448 5134 ἀποστολικούς.
1483 5073 1843 5139 Διαστρέφεις

269 5162 327 5215 δὲ
346 5162 439 5214 καὶ
468 5161 529 5213 τὸ
560 5162 723 5230 ῥητὸν
752 5161 847 5214 τοῦ
872 5161 1290 5231 Χρυσοστόμου·
1318 5164 1465 5230 λέγει
1491 5164 1623 5234 γάρ·
1656 5182 1675 5215 ι
1722 5166 1849 5219 Ἐπὶ

250 5234 370 5322 ’τῆς
388 5253 671 5313 Μωῦσέως
697 5253 973 5321 καθέδρας
1000 5254 1264 5307 ἐκάθισαν
1294 5255 1343 5306 οί
1375 5257 1848 5325 γραμματεῖς-καλ⁵

270 5344 321 5395 oi
372 5344 656 5412 Φαρισαῖοι
686 5358 701 5375 ⁶
744 5344 841 5396 νῦν
887 5345 943 5398 δὲ
995 5346 1097 5398 οὐκ
1146 5346 1294 5399 ἔστιν
1346 5349 1543 5413 είπεῖν,
1585 5348 1713 5400 Ἐπὶ
1746 5349 1846 5416 τῆς

269 5436 554 5499 Μωῦσέως
572 5434 843 5507 καθέδρας
868 5437 1135 5509 ἐκάθισαν
1166 5438 1215 5490 οἱ
1253 5438 1441 5507 ἱερεῖς,
1478 5438 1594 5491 ἀλλ’
1630 5441 1723 5493 ἐπὶ
1747 5440 1847 5508 τῆς

269 5518 365 5571 τοῦ
396 5521 659 5590 Χριστοῦ’
696 5524 794 5594 τὴν
827 5525 937 5593 γὰρ
969 5525 1181 5579 ἐκείνου
1228 5525 1538 5592 διεδέξαντο
1588 5528 1845 5581 διδασκα-

269 5611 411 5665 λίαν.
449 5632 469 5664 ι
522 5615 925 5685 Ἐξηγουμένου
956 5618 1138 5672 τοίνυν
1188 5619 1285 5672 τοῦ
1327 5621 1720 5689 Χρυσοστόμου
1753 5620 1848 5674 τὸν

270 5706 462 5775 θρόνον
495 5709 573 5769 si;
600 5708 702 5777 τὴν
728 5709 1101 5779 διδασκαλίαν,
1152 5713 1216 5765 σὺ
1258 5712 1567 5782 λαμῦάνεις
1618 5715 1700 5776 είς
1744 5711 1850 5780 τὴν

338 5888 417 5959 (Ι)
450 5887 567 5943 Lib.
603 5905 673 5953 vt.
704 5905 793 5960 ep.
824 5890 919 5946 2i.

1981 676 2129 722 runt.
2161 666 2253 734 qui
2286 676 2475 719 contra
2498 679 2618 718 eam
2643 664 2912 719 acerrime
2938 662 3139 716 invecti
3172 676 3302 716 sunt
3322 663 3554 727 Romani

1980 758 2296 827 pontiﬁces.
2333 756 2585 827 Pelagius
2612 765 2667 809 et
2691 753 2992 826 Gregorius
3025 754 3283 825 Dialogus
3313 756 3393 825 (l)
3420 770 3557 820 ;nec

1980 849 2055 902 ita
2109 858 2241 902 sunt
2280 849 2653 918 interpretati.
2687 847 2781 916 qui
2814 848 2978 917 primi
3014 848 3163 902 hunc
3192 849 3417 903 titulum
3449 848 3558 902 sibi

1978 950 2310 1011 arrogarunt
2351 940 2703 1009 patriarchae.
2760 938 3005 995 Joannes
3032 940 3322 1007 Jejunator
3350 950 3409 995 et
3449 940 3527 1011 Cy
3550 964 3562 986 ι

1979 1030 2349 1095 riacus:~sed
2412 1032 2792 1087 meumenicos
2848 1046 2907 1086 se
2959 1030 3368 1101 inscripserunt
3422 1048 3558 1088 vero

1974 1128 2273 1200 abutentes
2330 1125 2674 1196 signiﬁcatu;
2708 1135 2897 1195 atque.
2932 1100 3221 1195 utgscribit
3254 1123 3558 1194 Gregorius

1977 1216 2236 1286 Dialogus
2280 1214 2573 1270 Anastasio
2609 1214 2979 1277 Antiocheno.
3035 1215 3199 1275 talem
3250 1216 3558 1283 praebentis

1975 1323 2225 1369 causam.
2284 1315 2344 1360 ιιι
2394 1309 2439 1361 si
2478 1306 2646 1372 hanc.
2698 1306 2902 1372 inquit,
2935 1305 3325 1374 mquanimiter
3370 1314 3557 1372 porta-

1974 1416 2119 1463 mus.
2158 1402 2435 1467 universa
2470 1398 2737 1453 Ecclesiae
2772 1397 2933 1452 tidem
2967 1412 3408 1465 corrnmpamus.
3444 1396 3557 1450 Nec

1973 1494 2127 1548 locus
2155 1501 2242 1547 est
2279 1491 2333 1545 in
2375 1504 2486 1557 quo
2521 1490 2590 1545 de
2622 1490 2729 1545 hac
2759 1504 2893 1545 voce
2944 1489 3288 1543 mentionem
3323 1487 3553 1552 faciens.

1975 1586 2298 1656 frequentes
2342 1595 2525 1640 autem
2575 1593 2805 1654 propter
2868 1583 3016 1638 illam
3066 1582 3221 1637 dedit
3264 1581 3552 1651 epistolas.

1972 1696 2095 1735 eam
2129 1696 2239 1733 non
2277 1678 2626 1734 damnaverit
2660 1676 3027 1745 rejecerltque
3058 1682 3116 1729 ut
3149 1672 3459 1743 profanam.
3495 1680 3556 1725 nt

1971 1770 2304 1826 universalis
2350 1769 2613 1824 Ecclesize
2674 1768 2955 1837 injuriam.
2989 1775 3052 1820 ut
3080 1781 3406 1836 magnorum
3440 1763 3556 1817 ori-

1971 1859 2151 1926 ginem
2185 1859 2596 1924 scandalorum.
2631 1858 2850 1927 plenam
2886 1855 3187 1927 superbiae.
3224 1851 3552 1909 Antichristi

1970 1966 2394 2022 praecursorem.
2427 1967 2525 2019 per
2554 1966 2720 2020 quam
2772 1950 2907 2003 iides
2962 1947 3239 2017 perditur.
3272 1956 3333 2000 ut
3367 1944 3548 2001 scele-

1966 2054 2104 2098 stam
2136 2054 2192 2099 et
2223 2044 2697 2099 contradicentem
2723 2035 3025 2113 Evangelio
3060 2040 3343 2109 sacrisque
3376 2053 3550 2093 cano-

1966 2136 2169 2204 nibus;
2208 2153 2337 2208 qua.
2372 2147 2435 2192 ut
2470 2137 2753 2191 Adrianus
2784 2151 2926 2206 papa
2953 2135 3135 2204 inquit
3166 2134 3223 2188 in
3250 2134 3368 2188 suis
3399 2132 3548 2186 litte-

1964 2229 2042 2283 ris
2065 2229 2133 2284 ad
2160 2231 2549 2299 imperatores.
2573 2230 2667 2299 qui
2699 2228 2875 2283 utitur
2902 2238 2958 2283 et
2987 2241 3275 2281 assensum
3311 2224 3545 2294 prabet.

1962 2318 2201 2373 alienum
2227 2334 2286 2374 se
2324 2334 2354 2372 a
2396 2318 2501 2375 [ide
2536 2317 2868 2384 orthodoxa.
2897 2326 2959 2372 et
2987 2317 3252 2371 rebellem
3286 2311 3545 2369 Ecclesiae

1962 2409 2246 2465 catholicas
2276 2410 2611 2467 maniiestat.

2441 2525 2649 2583 mws
2689 2524 2843 2597 (Cap.
2880 2523 3047 2595 xxn.

2037 2660 2057 2693 ι
2092 2642 2293 2699 Beatus
2330 2656 2462 2697 vero
2486 2641 2650 2698 Pater
2680 2640 3111 2712 Chrysostomus
3134 2640 3302 2696 etiam
3334 2653 3534 2693 unum-

1960 2748 2238 2805 quemque
2286 2734 2609 2804 episcopum
2663 2735 2865 2789 asserit
2920 2733 2979 2789 in
3025 2731 3289 2789 cathedra
3327 2730 3537 2787 Christi

1958 2821 2187 2885 sedere.
2221 2821 2686 2890 quemadmodum
2737 2822 2944 2894 legales
2987 2822 3305 2878 sacerdotes
3350 2821 3408 2875 in
3449 2835 3539 2875 ca-

1960 2908 2154 2964 thedra
2180 2909 2369 2966 Hosis.
2393 2911 2575 2979 Quare
2602 2928 2711 2967 non
2736 2923 2821 2969 est
2846 2912 3025 2983 magni
3048 2911 3365 2967 iaciendum
3389 2910 3537 2981 quod

1957 3000 2329 3059 Romae‘sedes
2352 3012 2577 3059 vocetur
2598 3006 2920 3075 apostolica.
2951 3020 3079 3060 cum
3107 3004 3291 3061 omnis
3320 3004 3538 3073 episco-

1958 3109 2063 3164 pus
2097 3095 2285 3152 sedeat
2316 3098 2373 3152 in
2406 3098 2537 3155 sede
2571 3097 2794 3155 Christi.
2837 3117 2856 3151 ι

2504 3209 2964 3267 CONFUTATIO.

2026 3317 2205 3390 Supra
2236 3317 2483 3383 dicebas,
2531 3321 2837 3390 quamlibet
2887 3321 3277 3394 principalium
3312 3324 3529 3380 sedium

1955 3410 2137 3465 vorari
2171 3410 2555 3478 apostolicam.
2590 3420 2650 3467 nt
2687 3427 2849 3483 papa.
2892 3414 3040 3484 quod
3069 3416 3267 3471 attinet
3292 3416 3363 3472 ad
3403 3416 3532 3482 hoc.

1955 3502 2091 3557 nihil
2131 3504 2255 3572 plus
2289 3502 2491 3560 habeat
2521 3519 2688 3575 supra
2718 3515 2950 3562 exteros
2980 3510 3344 3577 patriarchas.
3370 3510 3532 3565 Nunc

1956 3595 2096 3651 dicis
2152 3611 2355 3679 papam
2409 3612 2521 3653 non
2589 3599 2773 3654 solum
2814 3614 2982 3669 supra
3037 3600 3249 3680 nullum
3305 3604 3534 3672 patriar-

1952 3678 2257 3757 cham,sed
2292 3707 2474 3762 neque
2520 3706 2685 3763 supra
2713 3692 3024 3761 quemlibet
3055 3678 3376 3766 episcopum
3407 3698 3531 3767 plus

1952 3780 2253 3850 quidquam
2317 3782 2547 3846 habere.
2612 3784 3065 3855 quandoquidem
3111 3788 3267 3860 juxta
3306 3790 3528 3848 beatum

1949 3870 2405 3943 Chrysostomum
2449 3875 2685 3945 quilibet
2718 3866 3013 3949 episcOpns
3044 3879 3203 3935 sedet
3245 3880 3301 3935 in
3343 3883 3534 3939 cathe-

1951 3962 2050 4017 dra
2078 3962 2322 4031 Christi;
2351 3974 2408 4021 et
2441 3966 2559 4022 haec
2581 3967 2772 4023 dicens
2790 3967 2904 4024 duo
2938 3984 3173 4040 peccas:
3202 3973 3384 4041 primo
3409 3975 3533 4046 qui-

1952 4057 2102 4121 dem.
2143 4057 2273 4126 quia
2309 4056 2519 4113 dictum
2569 4056 2946 4130 Chrysostomi
2990 4065 3294 4132 pervertis;
3325 4064 3527 4123 deinde

1950 4158 2007 4203 et
2040 4150 2158 4218 ipse
2189 4157 2372 4204 tecum
2398 4166 2629 4222 pugnas.
2657 4152 2796 4207 Dum
2834 4153 2984 4209 enim
3010 4147 3217 4226 papam.
3235 4157 3525 4227 deprimis.

1950 4255 2113 4295 unam
2168 4242 2463 4297 constituis
2507 4242 2755 4299 omnium
2809 4246 3200 4316 aqualitatem.’
3253 4251 3526 4320 siquidem

1949 4332 2242 4402 episcopus
2275 4333 2511 4403 quilibet
2541 4351 2705 4389 unam
2737 4345 2796 4391 et
2816 4338 3065 4393 eamdem
3096 4338 3305 4396 Christi
3337 4345 3525 4400 cathe-

1951 4420 2108 4477 dram
2159 4424 2344 4480 habet.
2390 4427 2680 4493 Quomodo
2731 4427 2897 4498 igitur
2938 4429 3128 4488 aiebas
3180 4435 3523 4507 praecipuum

1950 4512 2057 4570 hoc
2092 4515 2299 4572 habere
2331 4518 2666 4587 principales
2696 4521 2877 4585 sedes.
2909 4522 3057 4593 quod
3089 4538 3287 4582 omnes
3326 4544 3527 4585 vocen-

1948 4616 2039 4660 tur
2073 4608 2423 4677 apostolieazi
2468 4607 2525 4664 Si
2572 4610 2722 4672 enim
2754 4612 2877 4681 plus
2915 4625 3021 4671 est.
3078 4614 3285 4674 habere
3319 4618 3525 4676 Christi

1949 4696 2135 4752 sedem
2164 4712 2331 4768 quam
2363 4701 2550 4755 vocari
2572 4703 2956 4772 apostolicum.
2985 4714 3042 4761 et
3064 4721 3256 4762 omnes
3279 4712 3524 4783 episcopi

1951 4786 2153 4841 habent
2208 4788 2529 4844 cathedram
2576 4787 2809 4855 ChriSti.
2862 4806 3015 4851 certe
3071 4812 3267 4854 omnes
3323 4802 3525 4858 habent

1950 4878 2095 4947 quod
2138 4880 2261 4946 plus
2297 4889 2403 4947 est,
2432 4894 2490 4936 et
2521 4885 2802 4938 evanescit
2834 4901 2931 4953 per
2976 4896 3028 4941 te
3080 4891 3520 4958 patriarcharum

1950 4971 2331 5042 prmrogativa.
2383 4974 2530 5043 quod
2579 4987 2846 5031 vocentur
2884 4982 3195 5049 apostolici.
3248 4983 3526 5041 Pervertis

1951 5073 2135 5116 antem
2161 5074 2217 5119 et
2241 5065 2625 5136 (λιιι-γεοειοωὶ
2655 5069 2881 5125 dictum.
2918 5074 3008 5126 Ait
3059 5076 3204 5128 enim
3239 5096 3251 5131 :
3292 5095 3310 5127 ι
3352 5076 3528 5148 Super

1950 5153 2119 5225 Moysi
2174 5156 2497 5212 cathedram
2531 5158 2796 5217 sederunt
2854 5162 3064 5220 Scriba:
3120 5176 3177 5220 et
3235 5167 3524 5234 Pharisaei.

1950 5261 2099 5300 nunc
2127 5262 2257 5303 vero
2286 5264 2394 5303 non
2427 5251 2534 5318 ita;
2579 5268 2760 5323 neque
2807 5257 2952 5309 enim
2997 5272 3168 5326 super
3203 5260 3526 5315 cathedram

1952 5336 2121 5410 Moysi
2148 5341 2413 5396 sederunt
2437 5344 2775 5411 sacerdotes.
2828 5347 2922 5401 sed
2968 5364 3135 5417 super
3180 5350 3387 5405 Christi
3436 5370 3526 5407 se-
3578 5338 3581 5339 ν

1950 5432 2102 5495 dem.
2133 5432 2281 5487 illius
2307 5434 2458 5489 enim
2488 5449 2785 5506 suscepere
2811 5440 3143 5494 doctrinam.
3179 5460 3197 5494 ι
3227 5442 3363 5498 Cum
3390 5459 3527 5513 ergo

1950 5525 2375 5596 Chrysostomus
2412 5528 2727 5584 cathedram
2769 5530 2823 5585 in
2853 5533 3156 5587 doctrinam
3198 5536 3529 5611 interprete-

1952 5627 2059 5685 tur,
2113 5630 2169 5673 tu
2209 5622 2264 5674 in
2318 5630 2647 5691 potestatem
2702 5625 2927 5694 accipis.
2973 5625 3164 5695 itaque
3217 5628 3523 5683 secundum

1948 5710 2324 5783 Chrysostomi
2356 5730 2579 5774 sensum
2615 5720 2880 5776 habemus
2907 5736 3096 5776 verum
3126 5724 3347 5793 dogma,
3377 5725 3529 5795 quod
