4050 6508
292 479 415 543 εειι

1614 477 2055 541 REFUTATIO
2095 476 2282 542 NILI.

3476 476 3585 539 850

289 589 416 644 τῶν
467 586 757 659 ύμετέρων
815 589 937 645 δότε
986 588 1289 644 ἀπολαύειν
1338 587 1604 659 συνεχῶς,
1640 590 1735 642 καὶ
1788 587 1893 657 τῆς

2005 587 2253 643 lruamur
2301 595 2358 643 et
2405 589 2679 646 charitate
2729 589 2965 660 altisque
3007 585 3291 653 omnibus,
3336 584 3480 641 sicut
3525 592 3585 639 et

294 680 555 751 ἀγάπης,
598 683 695 736 καὶ¹
750 682 974 735 πάντων
1011 681 1123 735 τῶν
1175 681 1378 748 ἀλλων,
1416 680 1611 751 ὥσπερ
1649 681 1744 734 καὶ
1793 679 1893 748 εμ-

294 772 565 838 προσθεν.
599 791 620 825 ι
656 772 811 828 Μετά
840 774 1018 828 ταῦτα
1060 774 1269 844 γράφει
1303 776 1333 828 6
1370 772 1665 833 θεσπέσιος
1704 770 1891 841 Πατὴρ

296 860 639 930 ἑτοιμότατοι
693 861 842 933 ἔχειν
869 861 966 915 τοῦ
1007 861 1268 931 κριθῆναι
1314 860 1467 931 παρὰ
1501 860 1595 914 τοῦ
1647 857 1887 920 πάππα.

299 953 411 1006 καὶ
437 951 698 1022 μηδαμῶς
732 950 959 1022 φεύγειν
989 952 1050 1005 τὸ
1075 952 1323 1007 τοιοῦτον
1348 952 1662 1022 κριτήριον.
1684 950 1893 1020 Γράφει

297 1044 402 1095 καὶ
427 1044 688 1113 δευτέραν
719 1044 857 1114 πρὸς
885 1043 979 1097 τὸν
1015 1044 1251 1099 πάππαν
1285 1043 1584 1117 ἐπιστολὴν
1628 1043 1772 1098 πάνυ
1804 1044 1895 1096 εύ-

301 1137 592 1205 χαριστών
622 1135 766 1204 ὑπὲρ
789 1136 889 1202 τῆς
918 1136 1359 1208 καταδληθείσης
1393 1136 1652 1207 σπουδῆς.
1677 1136 1785 1191 κᾶν
1816 1137 1894 1207 μὴ

302 1224 469 1291 ἔτυχε
518 1225 585 1279 τὰ
619 1227 927 1295 πράγματα
970 1226 1073 1296 τῆς
1121 1226 1486 1297 ὀφειλομένης
1531 1223 1892 1296 διορθώσεως.

319 1317 467 1371 Ἀλλ’
482 1318 578 1372 οὖν
597 1319 673 1391 μὴ
692 1319 807 1371 δεῖν
831 1319 1147 1389 ἀποκαμεῖν
1169 1319 1261 1373 τὸν
1284 1320 1543 1373 πάππαψ
1566 1317 1896 1388 προκεῖσθαι

304 1408 420 1477 γάρ
451 1409 603 1478 αὐτῷ
633 1411 823 1473 ἀγῶνα
873 1409 1293 1481 ταραττομένης
1344 1409 1534 1479 σχεδὸν
1580 1409 1682 1477 τῆς
1716 1410 1907 1461 nixo-J-

310 1502 488 1570 μένης
522 1501 766 1570 ἁπάσης.

388 1590 529 1662 Τρία
559 1593 694 1662 γοῦν
723 1596 840 1651 ἐστι
873 1596 1064 1651 λαϐεῖν
1109 1598 1175 1652 ex
1208 1597 1323 1653 τῶν
1352 1596 1449 1652 τοῦ
1495 1597 1896 1668 Χρυσοστόμου

309 1684 511 1750 φωνῶν
533 1698 549 1714 ’
608 1685 694 1739 δτι
716 1686 820 1739 οὐκ
848 1688 1093 1760 ένείχετο
1120 1691 1149 1743 6
1181 1690 1575 1759 Χρυσόστομος
1607 1689 1897 1762 κρίνεσθαι

310 1773 422 1827 ὑπὸ
447 1776 544 1829 τοῦ
582 1777 1018 1851 Ἀλεξανδρείας*
1049 1782 1134 1835 δτι
1152 1782 1496 1837 ἐπικαλεῖται
1525 1782 1587 1835 τὸ
1610 1781 1897 1853 κριτήριον

306 1864 414 1919 τοῦ
441 1869 671 1936 πάππα,
704 1872 793 1926 ῖνα
821 1874 925 1942 τῆς
953 1875 1143 1929 ἀδίκου
1168 1875 1404 1945 κρίσεως
1441 1875 1757 1948 ἀπαλλαγῇ’
1790 1876 1894 1941 δτι,

1992 688 2183 733 lutea.
2217 695 2237 729 ι
2281 676 2485 734 Subdit
2535 678 2739 735 deinde
2784 688 3017 735 sanctus
3062 677 3249 741 Pater,
3297 673 3587 746 paratissi-

1997 783 2149 823 mum
2192 784 2253 825 se
2296 784 2418 826 esse
2465 770 2533 825 ad
2585 771 2940 826 subeundum
2996 784 3155 841 papae
3182 767 3480 839 judicium.
3529 772 3585 820 et

1994 860 2115 931 ejus
2152 861 2391 916 tribunal
2418 877 2477 918 se
2509 862 2659 918 nullo
2686 846 3150 917 modd'd‘evita're.
3180 858 3386 916 Scribit
3409 865 3469 913 e-t
3503 856 3587 910 al-

1997 959 2173 1008 teram
2204 952 2497 1022 epistolam
2539 953 2607 1008 ad
2653 952 2911 1009 eumdem
2946 966 3170 1025 papam,
3218 948 3438 1019 agitque
3468 961 3583 1001 ma-

1996 1060 2133 1116 gnas
2157 1046 2362 1117 gratias
2395 1062 2497 1119 pro
2526 1045 2710 1103 studio
2753 1047 2977 1111 collato,
3027 1043 3284 1115 quamvis
3311 1040 3581 1097 subsecu-

1998 1143 2115 1192 tum
2150 1152 2263 1192 non
2286 1150 2435 1194 esset
2465 1138 2794 1205 remedium,
2832 1137 2980 1207 quod
3025 1152 3169 1207 opus
3217 1143 3355 1191 erat.
3402 1134 3582 1202 Rogat

1998 1235 2183 1284 tamen
2219 1244 2289 1286 ne
2318 1245 2460 1301 papa
2484 1218 2709 1286 causam
2732 1229 2986 1297 deserat;
3012 1227 3352 1299 propositum
3377 1225 3583 1294 quippe

1998 1320 2080 1376 illi
2110 1336 2233 1376 esse
2265 1331 2568 1389 certamen,
2621 1320 2991 1379 interturbato
3020 1320 3139 1376 l'ere
3182 1317 3443 1376 universo
3474 1325 3585 1371 ter-

1998 1429 2186 1469 rarum
2209 1415 2370 1470 orbe.

2071 1595 2149 1650 Ex
2197 1595 2402 1666 quibus
2444 1594 2824 1667 Chrysostomi
2879 1592 3066 1649 verbis
3118 1590 3222 1647 tria
3273 1589 3581 1645 habemus:

1998 1687 2146 1757 quod
2177 1702 2287 1742 non
2319 1686 2530 1743 ferebat
2558 1686 2987 1759 Chrysostomus
3022 1700 3082 1741 se
3106 1685 3176 1741 ab
3208 1680 3582 1739 Alexandrino

1996 1778 2259 1851 iudicari;
2296 1779 2446 1851 quod
2491 1780 2732 1851 appellat
2762 1795 2914 1851 papa:
2950 1777 3249 1851 judicium,
3292 1785 3352 1830 ut
3378 1790 3436 1829 se
3478 1773 3585 1827 ini-

2002 1884 2115 1940 quo
2138 1869 2351 1940 judiclh
2384 1869 2679 1935 liberaret;
2733 1870 2904 1941 quod,
2952 1869 3175 1925 turbata
3225 1882 3322 1938 per
3364 1864 3586 1919 univer-

306 1964 730 2034 ταραττομένης
787 1938 891 2037 τῆς
938 1938 1332 2037 οἷκουμενικῆς
1396 1938 1747 2038 Ἐκκλησίας,

2005 1938 2119 2017 sunt
2142 1938 2341 2018 orbem
2367 1962 2632 2029 Ecclesia,
2680 1938 2879 2033 papam
2911 1963 3119 2018 excitat
3165 1961 3235 2017 ad
3290 1958 3583 2016 ferendum

310 2048 549 2101 πάππαν
577 2049 845 2121 διεγείρει
892 2055 1032 2122 πρὸς
1054 2056 1294 2125 ἄμυναν.
1344 2056 1411 2111 Τί
1459 2056 1515 2109 δὲ
1557 2055 1687 2111 ἀλλο
1719 2055 1898 2111 ταῦτα

2005 2052 2284 2122 iudicium.
2316 2052 2443 2109 Haec
2470 2069 2639 2125 porro
2668 2055 2802 2125 quid
2832 2054 2983 2109 aliud
3012 2044 3147 2108 sunt
3184 2067 3350 2122 quam
3398 2060 3585 2119 aperta

309 2138 348 2209 ἢ
377 2140 643 2210 ὁμολογία
694 2144 872 2215 σαφὴς
900 2146 1002 2216 τῆς
1036 2148 1410 2221 άποστολικῆς
1458 2151 1553 2203 καὶ
1580 2153 1895 2222 οῖκουμενι-

311 2232 417 2294 κῆς
444 2235 501 2284 ὲν
516 2234 596 2303 τῷ
622 2236 827 2305 πάππα
854 2237 1123 2305 ἐξουσίας,
1147 2240 1218 2310 ὴν
1244 2240 1367 2294 οὔτε
1390 2243 1419 2294 6
1459 2240 1897 2311 Ἃλεξανδρείας,

314 2318 445 2371 οὔτε
476 2321 503 2371 6
530 2319 1164 2392 Κωνσταντινουπόλεως
1190 2325 1361 2399 εἶχεν,
1398 2331 1430 2401 ἦ
1474 2331 1618 2402 ἔχεις
1655 2331 1779 2395 Πῶς
1805 2330 1900 2384 οὖν

312 2410 468 2465 οῦδὲν
498 2413 644 2480 μέγα
673 2414 752 2484 τῷ
793 2416 1019 2490 Ῥώμης
1067 2421 1131 2474 τὸ
1185 2422 1547 2477 ἀποστολικδν
1585 2424 1894 2489 καλεῖσθαι,

312 2500 553 2555 ἑκάστου
586 2503 697 2556 τῶν
728 2504 1048 2562 ἐπισκόπων
1078 2508 1394 2581 καθημένου
1429 2513 1525 2565 ἰπὶ
1559 2511 1654 2565 τοῦ
1702 2512 1897 2583 θρόνου

311 2592 412 2645 τοῦ
443 2594 719 2663 Χριστοῦς
759 2598 875 2650 οὐκ
901 2598 1018 2653 εστι
1048 2602 1221 2655 ταῦτα
1254 2602 1525 2673 σύμφωνα
1568 2603 1647 2674 τῷ
1695 2605 1898 2676 φρονή-

318 2703 453 2755 ματι
503 2688 600 2741 τοῦ
632 2691 1049 2763 Χρυσοστόμου,
1088 2697 1182 2748 καὶ
1215 2696 1318 2765 τῆς
1351 2698 1519 2752 πάλαι
1570 2697 1901 2768 ἀνατολικῆς

328 2777 681 2851 Ἐκκλησίαςο
720 2783 858 2837 ἀλλὰ
880 2785 941 2836 τὸ
966 2785 1149 2854 λέγειν
1186 2787 1263 2851 ὡς
1292 2788 1475 2857 λέγεις
1498 2783 1752 2843 κ).έπτείν
1782 2791 1902 2845 ἐστὶ

318 2871 418 2932 τὰς
446 2875 722 2943 πατρικὰς
768 2877 1019 2946 χρήσεις,
1056 2882 1152 2934 καὶ
1170 2879 1442 2952 ἀναρχίαν
1470 2882 1564 2935 καὶ
1618 2883 1900 2952 σχίσματα

316 2967 701 3033 παρεισάγειν.
756 2970 951 3023 Καίτοι
998 2972 1120 3025 οὐδὲ
1161 2973 1305 3027 κατά
1355 2973 1457 3045 τὴν
1495 2974 1597 3045 σὴν
1634 2972 1901 3045 ἐξήγησιν

318 3058 719 3125 συμπεραίνεις
747 3059 776 3112 δ
801 3059 1010 3129 βούλει.
1042 3064 1225 3117 Ἔστω
1246 3065 1358 3136 γάρ
1387 3066 1598 3127 πάντας
1624 3068 1751 3129 τοὺς
1782 3068 1901 3120 ἐπι-

317 3147 555 3211 σκόπους
583 3150 861 3221 καθῆσθαι
892 3153 984 3206 ἰπὶ
1015 3153 1112 3207 τοῦ
1143 3153 1336 3224 θρόνου
1363 3156 1459 3209 τοῦ
1484 3155 1749 3227 Χριστοῦο
1782 3157 1901 3209 ἀλλ’

315 3238 418 3291 οὐκ
452 3239 667 3310 ἀνάγκη
714 3243 990 3313 καθῆσθαι
1041 3244 1303 3315 ἰσοτίμως
1327 3263 1342 3281 ο
1375 3245 1568 3318 ὥσπερ
1597 3248 1647 3300 oi
1679 3247 1897 3318 νομικοὶ

320 3331 489 3401 ίερεῖς
521 3333 614 3385 ἀπὶ
644 3332 744 3403 τῆς
778 3336 1022 3399 Μωσέως
1070 3336 1365 3408 καθέδρας,
1414 3335 1533 3391 ἀλλ’
1579 3338 1682 3391 οὐκ
1731 3339 1898 3392 lmi-

320 3440 459 3493 μως,
508 3425 767 3496 ὑπερεῖχε
812 3428 922 3498 γάρ
947 3429 1005 3481 έν
1036 3430 1223 3491 αὐτοῖς
1277 3433 1305 3484 6
1351 3430 1531 3499 μέγας
1582 3433 1903 3503 ἀρχιερεύς.

316 3515 478 3584 Μέγα
502 3519 685 3571 τοίνυν
724 3518 805 3587 τῷ
846 3518 1069 3591 Ῥώμης
1108 3522 1285 3593 θρόνῳ
1311 3522 1372 3577 τὸ
1415 3525 1575 3595 μόνον
1614 3525 1901 3581 καλεῖσθαι

318 3604 614 3673 δξαιρέτως
648 3609 1034 3676 ἀποστολικδν,
1062 3612 1157 3666 καὶ
1182 3614 1242 3666 τὺ
1274 3615 1432 3682 μόνον
1456 3614 1600 3668 οὕτω
1622 3614 1896 3686 καθῆσθαι

319 3699 415 3752 hri
452 3699 548 3753 τοῦ
578 3702 775 3772 θρόνου
806 3702 901 3756 τοῦ
929 3704 1194 3775 Χριστοῦ,
1222 3704 1365 3760 ὥστε
1399 3708 1607 3779 κρίνειν
1647 3708 1899 3775 ἃπαντας

318 3795 450 3859 τοὺς
486 3796 849 3859 έπισκόπους.

973 3937 1020 3991 Ν
1028 3936 1252 3993 ΕῙΔΟΣ.

397 4088 417 4124 ι
455 4070 529 4123 Τὸ
558 4070 616 4125 δὲ
647 4068 853 4139 λέγειν,
899 4072 1067 4143 Μόνῳ
1100 4074 1181 4144 τῷ
1223 4073 1425 4143 πάππα
1456 4071 1666 4141 ἔξεστιν
1716 4076 1899 4130 οἰκου-

323 4165 553 4235 μενικὴν
581 4165 860 4236 ἀθροίζειν
891 4166 1133 4230 σύνοδον,
1180 4168 1297 4230 πῶς
1337 4168 1398 4220 ού
1432 4170 1545 4231 τοῖς
1583 4167 1705 4223 λίαν
1737 4175 1905 4238 φινί-

321 4260 437 4327 ροῖς
468 4257 774 4322 ἀντιλέγειν
824 4260 965 4325 ἐστὶ,
1017 4261 1225 4330 μᾶλλον
1276 4260 1331 4314 δὲ
1364 4262 1482 4325 πῶς
1510 4262 1611 4314 οὐκ
1640 4262 1897 4333 αἰσχύνη,

317 4352 410 4401 τὴν
455 4350 609 4420 ἱερέα
654 4352 765 4405 ἀπὸ
789 4352 998 4405 τούτων
1042 4353 1473 4423 φιλοτιμεῖσθαι,
1528 4354 1622 4422 ἀφ’
1668 4347 1744 4409 ὦν
1777 4356 1900 4410 ἑστι

324 4443 463 4510 μέγα
503 4445 593 4496 καὶ
641 4444 732 4497 τὸν
761 4444 1007 4515 Ιβασιλέα
1058 4449 1308 4517 φρονεῖν;
1356 4449 1476 4501 Ἵνα
1504 4447 1560 4501 δὲ
1597 4448 1770 4519 εἰδῇς,
1815 4450 1899 4503 ὅτι

322 4536 607 4607 βασιλεῦσι
642 4538 865 4605 μᾶλλον,
909 4538 1010 4591 οὒκ
1038 4540 1359 4607 ζπισκόποις
1386 4542 1455 4596 τὰ
1486 4542 1713 4597 τοιαῦτα
1752 4545 1900 4597 ἀνεῖ-

1999 2144 2283 2200 confessio
2312 2145 2629 2217 apostolicae
2656 2157 2711 2201 et
2740 2141 3072 2201 universalis
3121 2146 3177 2200 in
3224 2158 3364 2214 papa
3394 2149 3584 2197 aucto-

2000 2237 2203 2303 ritatis,
2230 2254 2393 2308 quam
2449 2253 2555 2294 nec
2588 2237 3017 2302 Alexandrinus,
3049 2251 3151 2290 nec
3191 2233 3584 2290 Constantino-

2001 2329 2282 2399 politanus
2311 2328 2508 2384 habuit
2558 2340 2655 2384 aut
2700 2328 2907 2382 habet?
2935 2325 3226 2393 Quomodo
3272 2326 3437 2394 igitur
3470 2337 3579 2375 non

2002 2419 2504 2491 nagnilaciendum
2542 2419 2691 2491 quod
2723 2420 3005 2475 Rullianus
3054 2427 3285 2472 vocetur
3315 2414 3581 2483 apostoli-

2001 2525 2122 2573 cus,
2158 2526 2284 2566 cum
2332 2512 2631 2582 episcopus
2663 2511 2901 2582 quisque
2936 2509 3127 2566 sedeat
3163 2510 3217 2563 in
3256 2509 3387 2562 sede
3422 2505 3584 2561 Chri-

2001 2603 2117 2658 sti?
2146 2602 2272 2657 Haec
2304 2618 2414 2657 non
2440 2603 2778 2658 conveniunt
2818 2617 2943 2657 cum
2998 2616 3166 2657 sensu
3200 2596 3581 2669 Chrysostomi

2001 2703 2059 2750 et
2084 2695 2323 2764 antiqua!
2350 2694 2652 2750 Orientalis
2676 2695 2968 2759 Ecclesiae;
2994 2694 3090 2749 sed
3122 2694 3197 2747 ita
3228 2692 3412 2745 dicere
3440 2700 3496 2742 ιιι
3527 2697 3583 2741 ιιι

2003 2786 2161 2851 dicis.
2191 2796 2278 2843 est
2322 2786 2545 2842 Patrum
2599 2788 2909 2845 sententias
2951 2786 3153 2842 allerre
3206 2785 3497 2847 fallaciter,
3531 2790 3589 2843 et

2004 2879 2257 2950 negando
2288 2879 2586 2950 primatum
2632 2881 2873 2936 schisma
2930 2881 3213 2933 inducere.
3255 2876 3585 2944 Quanquam

2004 2987 2072 3026 ne
2099 2972 2180 3026 sic
2208 2972 2455 3039 quidem,
2478 2982 2539 3025 ut
2570 2981 2627 3028 tu
2654 2972 3065 3042 interpretaris,
3100 2970 3271 3025 habes
3294 2969 3442 3038 quod
3478 2967 3584 3021 vis.

2006 3063 2136 3119 Esto
2167 3064 2315 3119 enim
2346 3063 2493 3135 quo‘d
2521 3079 2714 3119 omnes
2760 3063 3000 3134 episcopi
3059 3062 3293 3117 sedeant
3346 3061 3403 3115 in
3451 3058 3582 3112 sedc

2004 3156 2242 3221 Christi;
2276 3171 2387 3211 non
2428 3167 2609 3211 tamen
2642 3170 2869 3211 necesse
2898 3164 2985 3211 est
3021 3154 3215 3209 sedere
3243 3164 3437 3205 Omnes
3462 3163 3587 3203 cum

2005 3248 2338 3319 aequalitatis
2360 3248 2573 3304 honore
2604 3268 2618 3303 ε
2662 3248 2808 3303 sicut
2841 3256 2897 3303 et
2935 3246 3141 3325 legales
3180 3244 3495 3301 sacerdotes
3530 3242 3587 3294 in

2009 3342 2272 3397 cathedra
2326 3340 2498 3413 Moysi
2556 3357 2667 3397 non
2709 3356 2903 3395 omnes
2960 3338 3246 3410 aequaliter
3291 3335 3590 3398 sedebant;

2010 3436 2289 3491 eminebat
2316 3435 2467 3489 enim
2500 3435 2648 3489 inter
2681 3435 2808 3490 illos
2836 3432 3108 3503 pontifex.
3144 3432 3336 3500 Itaque
3384 3428 3595 3498 magni-

2008 3527 2328 3583 l'aciendum
2357 3537 2444 3583 est
2472 3526 2620 3598 quod
2652 3526 2769 3584 sola
2806 3524 3057 3579 Romana
3089 3523 3251 3578 sedes
3287 3538 3385 3591 per
3412 3518 3594 3574 excul-

2006 3621 2236 3677 lentiam
2288 3631 2520 3676 vocetur
2571 3619 2873 3691 apostolica
2908 3658 2924 3684 ,
2981 3626 3037 3672 et
3092 3616 3245 3671 solus
3296 3614 3595 3682 episcopus

1992 3716 2290 3772 Romanus
2314 3716 2390 3781 ita
2416 3714 2611 3772 sedeat
2646 3716 2701 3770 in
2734 3711 3001 3768 cathedra
3024 3709 3262 3774 Christi,
3294 3717 3353 3762 ut
3376 3706 3591 3778 episco-

2006 3825 2202 3879 porum
2237 3811 2483 3865 omnium
2513 3810 2584 3864 sit
2608 3808 2801 3878 judcx.

2465 3917 2696 4002 ’Ntws
2731 3942 2883 4015 (Cap.
2919 3940 3112 3999 χχιιι.

2094 4107 2113 4140 ι
2150 4084 2341 4140 Dicere
2374 4091 2583 4145 autem.
2618 4082 2721 4139 soli
2771 4097 2927 4153 papae.
2978 4080 3152 4137 licere
3195 4080 3592 4136 mcumeuicam

2006 4178 2327 4251 congregari
2362 4175 2656 4248 synodum,
2700 4189 2771 4229 an
2809 4189 2919 4229 non
2969 4181 3055 4229 est
3110 4188 3233 4243 qua:
3261 4171 3595 4226 manifestis-

2008 4276 2151 4330 sima
2190 4281 2322 4330 sunt
2348 4268 2707 4343 oppugnare?
2734 4284 2802 4323 ar.
2852 4266 3036 4337 potius
3067 4276 3226 4336 turpe
3261 4280 3369 4319 non
3411 4272 3494 4319 est
3531 4264 3587 4317 in

2006 4384 2077 4428 eo
2124 4366 2468 4423 sacerdotem
2520 4378 2641 4420 esse
2695 4361 3091 4425 ambitiosum,
3130 4359 3185 4413 in
3241 4373 3350 4427 quo
3405 4367 3592 4427 potest

2007 4461 2175 4518 etiam
2200 4459 2501 4527 imperator
2530 4469 2592 4511 se
2607 4453 2864 4526 jactare?
2900 4452 2971 4509 Ut
3006 4450 3152 4507 scias
3172 4460 3358 4505 autem
3400 4451 3465 4503 ad
3494 4450 3596 4501 im-

2012 4562 2326 4622 peratorem
2357 4547 2563 4617 potius,
2589 4560 2754 4616 quam
2788 4544 2856 4599 ad
2878 4543 3175 4613 episcopos
3201 4541 3254 4596 id
3293 4540 3597 4612 pertinuere,

322 4644 434 4681 ται.
493 4627 769 4692 ἀνάγνωθι
828 4628 936 4681 ἀπὸ
987 4628 1100 4683 τῶν
1152 4631 1485 4703 Πρακτικῶν
1528 4636 1626 4703 τῆς
1678 4634 1900 4706 πρώτης

2010 4640 2177 4709 legito
2217 4636 2505 4706 epistolam
2549 4629 2740 4705 prima:
2775 4633 2973 4706 synodi
3007 4634 3075 4687 ad
3120 4630 3424 4688 Ecclesiam
3472 4632 3599 4686 Alc-

324 4717 547 4770 euv'SSoo
578 4720 677 4786 τὴν
704 4720 1000 4789 ἐπιστολὴν
1036 4722 1207 4787 αὐτῆς
1237 4725 1303 4795 τῇ
1342 4724 1743 4796 Ἀλεξανδρέων
1786 4727 1909 4782 Ἐκ-

326 4810 548 4882 κλησίᾳ-
588 4830 605 4862 ι
646 4813 888 4883 Ἐπειδὴ,
924 4814 1082 4884 φησὶ,
1108 4813 1206 4885 τῆς
1240 4816 1337 4876 τοῦ
1370 4816 1505 4870 Θεοῦ
1539 4819 1783 4888 χάριτος,
1814 4821 1909 4873 καὶ

316 4905 421 4955 τοῦ
446 4904 867 4972 θεοφιλεστάτου
892 4906 1628 4976 βασιλέωςλωνσταντίνου.
1662 4926 1906 4975 συναγα-

324 4999 512 5064 γὸντος
561 5000 711 5068 ἡμᾶς
756 5001 819 5051 ὲκ
869 4999 1144 5070 διαφόρων
1184 5002 1486 5072 ἐπαρχιῶν.
1523 5022 1540 5052 ι
1598 5004 1905 5071 Ἀνάγνωθι

325 5090 433 5143 ἀπὸ
460 5092 570 5143 τῶν
602 5092 929 5160 ΙΙρακτικῶν
956 5095 1061 5163 τῆς
1081 5095 1272 5168 τρίτης
1300 5095 1522 5148 συνόδου
1553 5095 1656 5165 τὴν
1688 5098 1909 5150 ἐπιστο-

323 5182 423 5251 λὴν
454 5184 625 5254 αὐτῆς
659 5185 795 5255 πρὸς
823 5185 1106 5239 Θεοδόσιον
1131 5189 1225 5241 καὶ
1257 5187 1711 5242 Ούαλεντινιανόν
1738 5205 1752 5219 ο
1784 5208 1803 5241 ι
1841 5188 1907 5242 Ἢ

328 5274 459 5337 άγία
500 5274 741 5341 σύνοδος,
796 5281 983 5346 φησὶν,
1013 5280 1071 5349 ἰη
1129 5278 1313 5349 χάριτι
1360 5278 1497 5333 Θεοῦ
1532 5280 1628 5331 καὶ
1673 5279 1907 5349 νεύματι

325 5366 420 5418 τοῦ
459 5367 727 5437 ὑμετέρου
778 5369 1016 5439 κράτους
1070 5371 1398 5439 συναχθεῖσα
1431 5374 1488 5423 ὲν
1520 5372 1585 5439 τῇ
1634 5369 1906 5438 Ἐφεσίων

330 5456 664 5525 μητροπόλει
689 5472 701 5483 '
740 5476 759 5508 ι
796 5460 890 5510 καὶ
924 5461 1032 5512 ἀπὸ
1063 5458 1156 5511 τοῦ
1194 5460 1380 5522 τέλους
1419 5459 1530 5511 τῶν
1580 5460 1908 5529 Πρακτικῶν

326 5546 425 5614 τῆς
458 5548 730 5619 τετάρτης
774 5552 998 5603 συνόδου
1024 5566 1036 5579 ’
1073 5569 1092 5602 ι
1136 5551 1200 5603 Ἡ
1246 5552 1379 5619 άγία
1420 5554 1515 5603 καὶ
1561 5551 1773 5621 μεγάλη
1816 5556 1909 5605 καὶ

326 5640 681 5711 οῖκουμτνικὴ
730 5642 968 5705 σύνοδος,
1004 5646 1036 5711 ἠ
1080 5643 1219 5697 κατά
1270 5644 1406 5695 Θεοῦ
1448 5644 1611 5713 χάριν
1673 5647 1766 5697 καὶ
1817 5644 1908 5697 θέο

332 5745 546 5796 σπισμα
582 5731 690 5782 τῶν
731 5731 1146 5785 εὐσεϐεστάτων
1186 5733 1282 5786 καὶ
1334 5732 1700 5801 φιλοχρὶστων
1748 5733 1909 5802 ἡμῶν

332 5820 595 5889 βασλέων
633 5823 1014 5893 συναχθεῖσα.»
1060 5824 1120 5877 ’0
1151 5824 1207 5875 δὲ
1239 5823 1510 5893 μακάριος
1534 5824 1684 5875 Λέων
1707 5824 1734 5873 6
1773 5824 1907 5875 Ῥώ-

335 5929 441 5983 μης
487 5914 753 5985 Θεοῐοσίῳ
799 5918 876 5988 τῷ
922 5907 1137 5989 βασιλεί
1188 5918 1439 5987 γράφων,
1488 5918 1611 5970 ἀντὶ
1664 5918 1906 5987 μεγάλου

2012 4728 2378 4785 xandrinam:
2445 4746 2463 4778 ι
2506 4725 2813 4795 Quoniam,
2848 4725 3067 4795 inquit,
3121 4724 3216 4779 Dei
3265 4724 3477 4794 gratia,
3541 4733 3595 4777 et

2010 4820 2404 4876 Constantinus
2459 4793 2570 4875 Deo
2640 4815 3072 4872 amabilissimus
3147 4815 3447 4885 imperator
3497 4830 3600 4868 nos

2011 4912 2364 4982 congregavit
2419 4926 2450 4966 e
2522 4909 2757 4965 diversis
2823 4906 3146 4979 provinciis.
3205 4926 3225 4959 ι
3289 4901 3481 4976 Leglto
3534 4904 3601 4960 e'x

2011 5004 2163 5059 Actis
2198 5003 2373 5058 tertiae
2408 5003 2603 5075 synodi
2633 5001 2923 5072 epistolam
2963 4999 3083 5071 ejus
3129 4998 3197 5053 ad
3228 4998 3601 5052 Theodosium

2012 5108 2069 5153 et
2097 5096 2565 5160 Valentinianum,
2591 5096 2809 5150 actione
2846 5110 2897 5150 vr
2924 5110 2940 5148 :
2968 5112 2986 5145 ι
3010 5092 3209 5146 Sancta
3235 5092 3473 5162 synodus
3502 5090 3595 5145 Dei

2011 5189 2186 5260 gratia
2214 5197 2269 5242 et
2296 5182 2435 5243 nutu
2453 5187 2755 5258 majestatis
2784 5193 2977 5240 vestra:
2995 5193 3321 5254 congregata
3348 5183 3603 5251 inEplic-

2012 5279 2223 5333 siorum
2250 5276 2573 5345 metropoli;
2606 5296 2623 5328 ι
2651 5287 2702 5331 et
2728 5292 2797 5330 ex
2820 5275 2925 5330 line
2955 5284 3207 5328 actorum
3227 5284 3436 5343 quartae
3466 5290 3599 5343 syn-

2011 5368 2144 5423 odi:
2179 5388 2195 5421 ι
2230 5368 2429 5423 Sancta
2464 5379 2521 5423 et
2564 5383 2757 5437 magna
2789 5376 2845 5421 et
2868 5365 3195 5420 universalis
3218 5366 3480 5435 synodus,
3506 5380 3603 5434 per

2015 5462 2106 5515 Dei
2130 5460 2356 5531 gratiam
2380 5467 2437 5514 et
2453 5458 2795 5514 sanctionem
2811 5457 3349 5525 religiosissimorum
3375 5455 3601 5512 ctChri-

2012 5551 2080 5605 sti
2102 5550 2402 5605 amantium
2439 5551 2837 5619 imperatorum
2852 5550 3132 5604 collecta.»
3155 5548 3352 5602 Beatus
3381 5564 3602 5618 quoque

2014 5642 2125 5695 Leo
2159 5642 2442 5696 Romanus
2489 5641 2786 5710 episcopus
2839 5641 2906 5695 ad
2947 5640 3320 5695 Theodosium
3363 5642 3604 5710 impera-

2015 5744 2188 5789 torem
2220 5734 2486 5797 scribens,
2512 5734 2633 5788 loco
2674 5748 2881 5803 magna:
2915 5734 2989 5787 rei
3029 5733 3185 5803 petit,
3219 5743 3278 5786 ut
3302 5733 3603 5800 imperator

2015 5837 2286 5883 annuerct
2337 5827 2455 5882 ﬁeri
2511 5827 2566 5881 in
2600 5824 2751 5880 Italia
2799 5825 3072 5897 synodum
3115 5827 3451 5895 generalem.
3487 5824 3602 5878 Non

2018 5922 2265 5990 petiissct
2306 5928 2514 5983 autem,
2540 5919 2583 5973 si
2607 5917 2749 5987 juris
2784 5919 2867 5972 Sui
2896 5917 3089 5971 luisset
3114 5930 3371 5987 praestare
3402 5915 3555 5970 illud.
3582 5934 3599 5966 ι
