4036 6582
250 511 349 580 961

1547 509 1891 572 ETHICON
1936 505 2104 571 \‘lll.

3428 512 3536 576 θ(ιὲ

244 645 343 700 ρον
380 631 538 700 ἡμῶν
583 631 791 686 ἐκεῖναι
843 630 953 685 τῶν
1009 623 1394 700 προκειμένων
1425 622 1698 693 θεωροῦσι
1729 619 1832 694 τὴν

1947 633 2244 674 munerum
2298 618 2412 674 vim
2471 634 2781 690 eorumque
2829 622 3160 692 splendores
3193 623 3534 681 inaccessos.

243 723 498 799 δύναμιν,
555 725 652 778 καὶ
700 726 802 786 τὰς
859 719 1240 793 μαρμαρυγὰς
1293 717 1394 778 τὰς
1446 715 1782 785 ἀπροσίτους
1813 731 1828 746 ⁶

245 813 291 868 ὦ
323 833 432 884 περ
469 817 577 885 γὰρ
601 813 807 886 χρυσοῦ
844 812 1173 883 τηκομὲνου,
1198 810 1361 886 ἄνθτε
1398 807 1498 876 τὴν
1545 806 1708 876 χεῖρά
1748 822 1832 869 τις

243 907 500 977 ἐμϐάλοι,
526 905 595 961 ἂν
628 925 686 959 τε
718 905 819 976 τὴν
844 905 1117 971 γλῶτταν,
1150 902 1367 971 χρυσῆν
1403 897 1611 959 εὐθέως
1660 896 1835 964 αὐτὴν

243 999 541 1068 ιποίησενο
568 999 713 1051 οὕτω
744 998 808 1064 δὴ
857 1000 952 1049 καὶ
985 995 1220 1048 ἐνταῦθα
1255 991 1356 1062 τὴν
1389 991 1572 1060 ψυχὴν
1605 985 1834 1059 ἐργάζε-

243 1105 332 1142 ται
357 1090 427 1143 τὰ
461 1088 828 1158 προκείμενα·
855 1087 1048 1150 ἀναζεῖ
1084 1085 1184 1156 μὲν
1232 1084 1343 1152 γὰρ
1378 1082 1553 1152 πυρὸς
1606 1081 1836 1152 σφοδρό-

244 1196 402 1247 τερον
430 1182 458 1232 ό
485 1179 748 1245 πανάγιος
778 1172 934 1240 οὗτος
963 1176 1232 1243 ποταμὸς,
1266 1173 1386 1228 ἀλλ’
1408 1173 1470 1227 οὐ
1501 1172 1670 1234 καίει,
1696 1172 1835 1226 ἀλλὰ

247 1270 501 1341 βαπτίζει
537 1271 700 1340 μόνον
742 1271 881 1336 ὅπερ
933 1268 1000 1321 ἂν
1031 1267 1194 1337 λάϐῃ.
1241 1266 1413 1319 Τοῦτο
1441 1265 1503 1317 τὸ
1540 1263 1835 1335 ἱερώτατον

246 1357 386 1432 αἷμα
409 1364 617 1416 ἄνωθεν
651 1359 1031 1431 προετυποῦτο
1078 1362 1168 1413 ἀεὶ
1201 1362 1260 1412 ἐν
1305 1360 1742 1429 θυσιαστηρὶοις,
1778 1359 1836 1408 ὲν

243 1453 472 1508 δικαίων
515 1457 793 1522 σφαγαῖς·
843 1451 1004 1505 τοῦτο
1034 1452 1067 1518 ἠ
1120 1449 1258 1520 τιμὴ
1312 1452 1414 1516 τῆς
1465 1449 1833 1518 οἰκουμένης·

246 1544 424 1614 τούτῳ
468 1546 715 1614 ἠγόρασε
766 1542 865 1612 τὴν
926 1540 1256 1608 Ἐκκλησίαν
1282 1542 1310 1593 6
1344 1540 1582 1611 Χριστός
1613 1556 1627 1571 ο
1657 1543 1835 1608 τούτῳ

247 1633 676 1703 κατεκόσμησεν
710 1633 882 1700 αὐτὴν
912 1632 1133 1685 ἃπασαν
1157 1646 1172 1662 ο
1199 1629 1459 1698 καθάπερ
1484 1629 1594 1698 γὰρ
1620 1628 1719 1682 ἄνθ
1731 1645 1835 1697 ρω-

247 1743 351 1787 πος
379 1726 598 1786 οίκίτας
623 1722 764 1776 ὼνού
775 1739 956 1790 μενος,
1002 1722 1186 1775 δίδωσι
1221 1720 1470 1791 χρυσίον,
1507 1721 1600 1773 καὶ
1630 1720 1841 1773 καλλω-

247 1818 406 1870 πίσαι
436 1815 599 1869 πάλιν
629 1815 761 1869 αὐτο
776 1815 834 1876 ὓς
870 1813 1220 1884 βουλόμενος,
1250 1809 1438 1882 χρυσῷ
1468 1812 1629 1863 τοῦτο
1658 1815 1835 1864 ποιεῖ’

247 1906 394 1960 οὕτω
447 1908 540 1960 καὶ
601 1908 630 1960 ό
688 1904 924 1974 Χριστὸς
989 1904 1264 1974 ἠγόρασεν
1319 1905 1469 1974 ἡμᾶς
1524 1905 1720 1971 αἵματι
1759 1904 1838 1975 τῷ

245 1999 455 2068 υίκείῳ,
487 1999 579 2050 καὶ
613 1997 921 2066 ἐκόσμησεν
949 1996 1095 2064 ἡμᾶς
1127 1994 1410 2065 τούτῳ,τῷ
1437 1996 1654 2064 αἵματι.

319 2087 402 2140 ιδ’.
430 2089 758 2157 Προσίωμεν
789 2086 972 2139 τοίνυν
1000 2089 1067 2157 τῇ
1100 2089 1339 2156 μυστικῇ
1381 2087 1556 2159 ταύτῃ
1582 2088 1838 2158 τραπέζῃ

251 2179 392 2248 μετὰ
422 2181 626 2241 παντὸς
655 2178 845 2247 φόϐου,
873 2183 968 2231 καὶ
1019 2179 1384 2248 συνειδήσεως
1434 2180 1710 2248 καθαρᾶς,
1745 2161 1844 2233 καί

247 2273 578 2326 ἁδιστάκτου
617 2273 882 2336 πίστεως,
940 2273 1035 2326 καὶ
1089 2269 1272 2324 πάντα
1322 2272 1476 2324 ἔσται
1507 2273 1643 2340 ἡμῖν
1699 2273 1838 2325 καθα

253 2365 581 2436 πιστεύομεν
631 2365 709 2435 μὴ
740 2364 1109 2430 διστάζοντες.
1141 2366 1214 2418 Τὸ
1246 2363 1302 2417 δὲ
1336 2365 1660 2435 προσελθεῖν
1698 2364 1838 2435 μετὰ

251 2458 490 2518 πίστεως
520 2456 580 2507 οὺ
634 2456 695 2508 τὸ
744 2455 933 2508 λαϐεῖν
988 2456 1107 2508 ἐστι
1149 2455 1312 2525 μόνον
1346 2459 1406 2508 τὸ
1447 2457 1836 2528 προκείμενον,

249 2549 388 2602 ἀλλὰ
437 2549 532 2602 καὶ
579 2549 641 2602 τὸ
694 2549 836 2620 μετὰ
890 2547 1141 2618 καθαρᾶς
1181 2550 1409 2619 καρδίας
1465 2531 1750 2619 ἅψασθαιο
1780 2550 1840 2601 τὸ

251 2639 394 2695 οὔτω
423 2641 756 2707 δοκεῖσθαι,
797 2642 872 2704 ὡς
923 2642 1074 2712 αὑτῷ
1122 2643 1450 2712 προσιόντας
1473 2643 1549 2712 τῷ
1572 2644 1796 2714 Χριστῷ
1823 2659 1836 2672 ·

249 2734 302 2785 τί
327 2733 458 2803 γὰρ,
494 2734 541 2785 εί
575 2732 651 2802 μὴ
693 2735 880 2804 φωνῆς
914 2733 1212 2803 ἀκούομεν,
1249 2734 1630 2803 φθεγγομένου
1673 2735 1837 2788 αὑτοῦ

249 2825 338 2878 διὰ
369 2825 480 2878 τῶν
511 2825 959 2893 εὐαγγελιστῶνς
996 2825 1358 2893 ῐιιστεὸωμεν
1387 2821 1482 2878 οὖν
1511 2828 1592 2878 ὅτι
1618 2826 1713 2878 καὶ
1745 2825 1840 2878 νῦν

251 2919 429 2970 ἐκεῖνο
464 2917 527 2970 τδ
570 2918 788 2970 δεῖπνόν
821 2918 992 2981 ἐστιν,
1022 2917 1080 2969 ὲν
1189 2919 1284 2968 καὶ
1332 2915 1497 2980 αὐτὸς
1545 2919 1798 2970 ἀνέκειτο
1821 2932 1834 2945 ·

248 2994 406 3062 οὐδὲν
436 3009 545 3079 γὰρ
577 3010 754 3062 ἐκεῖνο
780 3009 972 3062 τούτου
1005 3009 1315 3080 διενήνοχεν
1337 3025 1352 3042 ⁸
1385 3011 1506 3062 οὐδὲ
1543 3012 1650 3080 γὰρ
1680 3011 1840 3063 τοῦτο

252 3101 352 3169 μὲν
382 3099 672 3170 ἄνθρωπος
698 3099 1019 3169 ἐργάζεται,
1055 3103 1233 3154 ἐκεῖνο
1251 3100 1306 3153 δὲ
1341 3101 1505 3164 αὐτὸς
1530 3104 1556 3154 6
1579 3102 1838 3172 Χριστὸς,

253 3191 391 3244 ἀλλὰ
425 3191 524 3244 καὶ
557 3189 719 3244 τοῦτο
768 3193 992 3244 κάκεῖνο
1021 3193 1051 3245 ὁ
1085 3193 1269 3255 αὐτός.
1302 3193 1475 3245 Ὅταν
1519 3193 1700 3245 τοίνυν
1747 3194 1840 3246 τὸν

253 3285 406 3353 ίερὲα
436 3283 741 3336 ἐπιδιδόντα
769 3285 900 3353 ἡμῖν
929 3287 1154 3352 ἴδωμεν,
1194 3284 1269 3355 μὴ
1299 3285 1393 3337 τὸν
1417 3283 1567 3354 ἱερέα
1598 3284 1838 3352 νομίζω-

257 3393 379 3444 μεν,
432 3376 525 3428 τὸν
576 3376 739 3430 τοῦτο
789 3376 1076 3442 ποιοῦντα,
1102 3377 1238 3429 ἀλλὰ
1273 3377 1372 3446 τὴν
1411 3376 1650 3448 Χριστοῦ
1679 3383 1839 3448 χεῖρα

251 3467 352 3535 τὴν
381 3469 772 3539 ἐκτεινομένην
794 3483 808 3498 ο
839 3469 1032 3539 ὥσπερ
1064 3468 1174 3537 γὰρ
1205 3469 1336 3522 ὅταν
1367 3469 1703 3538 βαπτίζηταί
1733 3486 1838 3530 τις,

252 3561 351 3628 οὐχ
377 3561 404 3612 ό
439 3561 621 3630 ἱερεὺς
657 3560 774 3612 ἀλλ’
809 3560 836 3610 ὁ
871 3560 1004 3622 Θεός
1063 3561 1212 3612 ὲστιν
1263 3563 1291 3613 6
1340 3561 1592 3630 κατέχων
1642 3561 1837 3614 τούτου

251 3651 349 3720 τὴν
380 3651 629 3721 κεφαλὴν
661 3652 882 3720 ἀοράτῳ
910 3650 1164 3720 δυνάμει,
1193 3654 1288 3703 καὶ
1311 3651 1435 3704 οὗτε
1458 3653 1689 3720 ἄγγελος
1715 3652 1838 3705 οὔτε

251 3741 596 3812 ἀρχάγγελος
631 3742 758 3794 οὔτε
813 3743 972 3804 ἄλλος
1019 3760 1104 3805 τις
1139 3743 1319 3812 τολμᾷ
1371 3743 1698 3810 προσελθεῖν
1751 3749 1837 3795 καλ

250 3832 494 3901 ἃψασθαι
525 3849 540 3864 ο
568 3833 712 3886 οὕτω
736 3835 834 3886 καί
867 3834 962 3886 νῦν
984 3834 1215 3901 γίνεται.
1246 3835 1358 3886 Καὶ
1375 3835 1535 3902 δῆλον
1563 3835 1838 3887 ἐντεῦθενο

249 3921 324 3986 ὡς
355 3923 465 3994 γὰρ
499 3925 559 3975 ὲν
609 3923 686 3992 τῷ
742 3923 1087 3994 βαπτίσματι
1133 3925 1194 3978 οὐ
1231 3926 1384 3992 λέγει
1413 3929 1438 3979 ὁ
1479 3928 1682 3995 ἱερεὺς,
1733 3929 1838 3979 lla-

249 4013 427 4078 πτίζω
455 4015 546 4067 τὸν
567 4016 738 4082 δεῖνα,
773 4016 910 4069 ἀλλὰ
949 4017 1279 4083 Ιῖαπτίζεται
1310 4019 1327 4078 ί
1339 4018 1410 4088 1),
1443 4019 1663 4083 πάντως
1691 4019 1841 4088 παρὰ

248 4107 352 4176 τῆς
403 4106 718 4178 ἀδιαιρέτου
779 4111 879 4161 καὶ
924 4110 1222 4179 όμοουσίου
1254 4110 1489 4172 Τριάδος
1519 4127 1532 4140 ’
1560 4111 1651 4163 τὸν
1678 4113 1842 4163 αὐτὸν

248 4197 306 4253 δὲ
332 4201 532 4270 τρόποι
566 4201 850 4255 κάνταῦθα
885 4203 946 4254 οὐ
998 4203 1174 4271 λέγει,
1203 4203 1328 4257 Θύω
1375 4204 1488 4272 ἐγὼ
1539 4204 1632 4256 τὸν
1668 4204 1842 4274 ἀμνὸν

248 4289 350 4344 τοῦ
375 4290 536 4356 Θεοῦ,
577 4292 718 4347 ἀλλὰ
736 4293 945 4348 Θύεται
978 4296 1194 4365 ὀὰμνδς
1231 4296 1327 4349 τοῦ
1364 4297 1524 4362 Θεοῦ,
1567 4299 1728 4362 αὐτὸς
1753 4296 1843 4353 οὗ·

250 4399 341 4446 τος
367 4382 569 4455 δηλαδὴ
625 4386 822 4440 ἑαυτὸν
871 4388 1186 4458 ίερουργῶν
1216 4390 1441 4461 εὐδοκία
1479 4391 1717 4460 Πατρός,
1747 4391 1843 4442 καὶ

252 4471 534 4544 συνεργίᾳ.
571 4472 665 4527 τοῦ
705 4473 869 4542 ἁγίου
926 4476 1288 4547 ῐΙνεύματος*
1341 4479 1437 4532 καὶ
1472 4478 1642 4548 θύτης
1690 4477 1768 4531 ὢν
1817 4481 1844 4531 6

249 4565 434 4629 αὐτὸς,
461 4565 558 4618 καὶ
588 4565 763 4633 θῦμα,
801 4568 898 4621 καὶ
930 4569 1392 4639 προσδεχόμενος,
1417 4570 1512 4624 καὶ
1540 4569 1845 4640 διαδιδόμε-

1869 3321 1910 3376 C

1939 714 2096 768 Sicut
2160 714 2310 767 enim
2368 729 2504 767 auro
2554 715 2857 784 liquefacto
2921 720 2966 770 si
2997 719 3123 786 quis
3154 733 3378 773 manum
3435 729 3531 774 aut

1936 803 2179 873 linguam
2231 804 2469 873 injiciat.
2520 820 2744 860 auream
2794 808 2946 863 illico
2977 809 3145 873 facit;
3178 809 3253 863 ita
3308 825 3537 879 prorsus

1940 897 2028 950 hic
2086 897 2255 952 etiam
2309 900 2594 967 proposita
2642 901 2903 968 mysteria
2963 901 3206 955 animam
3262 901 3532 958 efﬁciunt.

1938 987 2138 1042 Fervet
2181 991 2329 1042 enim
2364 991 2490 1056 igne
2524 989 2911 1045 vehementius
2961 992 3382 1047 sanctissimum
3426 994 3533 1047 llu-

1940 1096 2063 1132 mcn
2105 1081 2242 1146 hoc;
2290 1092 2345 1134 at
2387 1097 2494 1134 non
2533 1084 2738 1143 exurit,
2765 1083 2886 1137 .sed
2945 1083 3093 1138 lavat
3149 1089 3539 1140 tantummodo

1938 1174 2209 1243 quidquid
2263 1176 2625 1242 corripuerit.
2684 1174 2785 1230 llic
2833 1179 3255 1248 sacratissimns
3310 1182 3537 1250 sanguis

1939 1267 2252 1334 antiquitus
2289 1281 2513 1334 semper
2559 1268 3022 1336 prietlgurahatur
3052 1270 3106 1322 in
3150 1270 3442 1336 altaribus,
3478 1274 3537 1324 in

1937 1355 2213 1424 iustorum
2277 1357 2547 1411 caedidns.
2604 1357 2703 1412 llic
2759 1360 2987 1426 sanguis
3044 1364 3284 1429 pretium
3342 1363 3536 1417 mundi

1939 1460 2059 1514 est;
2092 1449 2198 1505 hoc
2225 1449 2531 1503 Ecclesiain
2558 1451 2810 1504 Christus
2839 1437 3224 1521 comparavit;
3250 1455 3355 1509 hoc
3387 1455 3537 1508 illaut

1941 1551 2108 1596 totam
2163 1544 2466 1596 exornavit.
2507 1543 2663 1596 Sicut
2697 1543 2844 1596 enim
2903 1545 3070 1597 homo
3098 1561 3291 1602 servos
3320 1562 3538 1612 emcns,

1940 1649 2137 1688 aurum
2196 1647 2422 1704 erogat;
2484 1650 2792 1706 rursusque
2833 1652 2932 1691 eos
2990 1651 3267 1710 exornare
3320 1639 3537 1704 volens,

1941 1743 2078 1781 auro
2119 1727 2171 1780 id
2237 1736 2430 1790 curat;
2493 1729 2573 1781 sic
2635 1741 2692 1782 et
2752 1729 3011 1784 Christus
3073 1729 3209 1782 emit
3263 1743 3364 1783 nos
3411 1745 3538 1783 sana

1941 1821 2108 1888 gnine
2142 1820 2389 1888 proprio,
2424 1820 2732 1890 eodemque
2774 1821 2881 1876 hoc
2928 1821 3201 1892 sanguine
3233 1835 3335 1874 nos
3368 1835 3541 1874 venu-

1943 1910 2136 1964 stavit.

2020 2090 2110 2144 Η.
2156 2089 2237 2143 Ad
2281 2089 2424 2143 hanc
2465 2089 2652 2158 itaque
2696 2090 2985 2159 mysticam
3022 2105 3272 2144 mensam
3310 2089 3541 2144 acceda-

1947 2198 2070 2235 mus
2133 2197 2258 2234 cum
2306 2183 2455 2236 omni
2515 2183 2733 2245 timore,
2781 2191 2834 2235 ct
2885 2182 3230 2236 conscientia
3282 2196 3440 2250 pura.
3482 2189 3539 2235 et

1947 2275 2174 2328 indubia
2211 2275 2334 2338 ﬁde,
2377 2286 2542 2342 atque
2574 2275 2760 2332 omnia
2801 2275 2962 2328 nobis
3006 2283 3174 2328 erunt
3225 2285 3389 2340 prout
3416 2273 3540 2326 sine

1943 2364 2306 2432 ambiguitate
2361 2364 2670 2418 credimus.
2711 2362 2849 2416 Cum
2885 2373 3068 2415 aute-In
3104 2362 3228 2415 dico
3261 2363 3538 2415 acceden-

1942 2455 2074 2509 dum
2107 2470 2234 2507 cum
2271 2453 2400 2517 ﬁde,
2433 2471 2543 2506 non
2596 2452 2919 2522 accipienda
2977 2453 3362 2506 tantummodo
3415 2468 3539 2506 csse

1943 2561 2174 2599 munera
2208 2545 2468 2607 dico,seil
2493 2544 2690 2599 eadem
2725 2559 2859 2614 puro
2886 2559 3010 2600 cum
3043 2544 3210 2598 corde
3231 2545 3537 2614 tangenda:

1942 2650 2176 2702 prorsus
2215 2635 2362 2688 haud
2396 2650 2559 2689 secus
2594 2633 2824 2688 allectos
2862 2648 2964 2688 nos
3003 2649 3126 2688 csse
3182 2635 3332 2692 volo.
3369 2650 3540 2702 quam

1943 2729 1988 2781 si
2024 2728 2091 2780 ad
2123 2725 2404 2781 Christum
2441 2727 2622 2794 ipsum
2647 2728 2988 2781 veniremus.
3009 2725 3150 2791 Quid
3185 2726 3332 2780 enim
3364 2727 3539 2782 inter-

1943 2827 2047 2884 est,
2095 2819 2241 2888 quod
2295 2833 2485 2873 vocem
2539 2819 2656 2889 eius
2709 2819 2937 2872 minime
2988 2818 3323 2882 audiamus,
3366 2819 3540 2888 siqui-

1945 2911 2070 2964 dem
2113 2925 2214 2980 per
2265 2911 2638 2980 evangelistas
2692 2909 2942 2980 loquitur
2960 2910 2991 2964 ἲ.
3024 2908 3333 2964 Credamus
3372 2911 3540 2980 igitur

1945 3016 2096 3054 nunc
2144 3017 2367 3070 quoque
2400 3001 2535 3055 illud
2574 3001 2718 3055 idem
2756 3015 2881 3055 esse
2917 3002 3257 3067 convivium,
3288 3003 3354 3055 ad
3391 3006 3540 3070 quod

1947 3093 2064 3162 ipse
2113 3093 2526 3154 accmnbebat:
2571 3094 2710 3148 nihil
2751 3095 2901 3148 enim
2951 3094 3286 3148 hodiernum
3342 3096 3411 3148 ab
3445 3095 3542 3150 illo

1947 3183 2132 3238 diﬂert
2169 3203 2184 3239 :
2222 3202 2406 3253 neque
2463 3185 2570 3239 hoc
2622 3197 2874 3239 nostrum
2909 3183 3077 3239 homo
3113 3185 3362 3251 instruit,
3405 3186 3539 3240 illud

1945 3287 2078 3331 vero
2107 3276 2382 3336 Christus.
2426 3280 2525 3332 sed
2563 3289 2617 3332 et
2651 3279 2757 3332 hoc
2788 3287 2845 3331 ct
2886 3277 3020 3332 illud
3079 3279 3223 3333 idem
3259 3279 3537 3335 Christus.

1944 3369 2081 3423 Cum
2136 3385 2268 3438 ergo
2314 3370 2662 3423 sacerdotem
2716 3369 2885 3425 nobis
2919 3372 3298 3440 porrigentem
3341 3371 3543 3425 rideri-

1945 3477 2173 3521 mus.ne
2204 3471 2528 3528 reputemus
2551 3463 2904 3516 sacerdotem
2939 3463 2994 3516 id
3019 3479 3206 3532 agere,
3235 3465 3330 3517 sed
3362 3465 3536 3534 ipsam

1944 3553 2155 3610 Christi
2189 3571 2412 3610 manum
2449 3565 2764 3610 extensum.
2797 3556 2953 3610 Sicut
2979 3556 3128 3610 enim
3158 3572 3283 3610 cum
3335 3558 3540 3624 aliquis

1949 3648 2281 3718 baptizatur.
2319 3665 2664 3718 nequaquam
2719 3649 2983 3703 sacerdos
3030 3649 3126 3703 sed
3185 3650 3328 3705 Deus
3383 3652 3536 3706 illius

1945 3753 2113 3810 caput
2150 3750 2299 3794 tenet
2333 3741 2383 3794 vi
2422 3741 2725 3806 invisibili,
2763 3751 2820 3794 et
2870 3757 3052 3810 neque
3089 3743 3318 3812 angelus
3353 3760 3540 3812 neque

1944 3834 2317 3903 arebangelus
2353 3847 2537 3902 neque
2593 3833 2741 3888 alius
2783 3833 3019 3901 quilibet
3052 3833 3318 3888 accedere
3369 3838 3540 3890 audet

1945 3931 2000 3976 ct
2030 3934 2280 3993 tangere;
2318 3924 2399 3978 sic
2434 3926 2601 3977 etiam
2641 3938 2790 3978 nunc
2818 3923 2900 3978 lit.
2936 3923 3091 3987 Quod
3126 3924 3256 3978 inde
3285 3921 3542 3979 ostendi.

1945 4025 2058 4079 tur,
2095 4018 2242 4085 quod
2293 4016 2437 4069 sicut
2482 4017 2538 4070 in
2571 4016 2854 4086 baptismo
2887 4032 2996 4070 non
3049 4019 3186 4072 dicit
3222 4019 3488 4074 sacerdos
3519 4037 3536 4075 :

1947 4109 2057 4178 ligo
2097 4109 2260 4162 talem
2286 4107 2566 4162 hominem
2596 4108 2838 4178 liaptizo,
2873 4109 2995 4178 sed,
3019 4109 3532 4178 Talis-baptizatur,

1945 4216 2178 4270 prorsus
2203 4201 2276 4255 ab
2311 4201 2602 4255 individua
2640 4212 2695 4256 et
2727 4203 3188 4259 consubstantiali
3226 4205 3540 4271 Trinitate;

1945 4295 2137 4348 eodem
2171 4294 2338 4350 modo
2367 4295 2460 4350 hic
2488 4295 2656 4350 etiam
2689 4312 2800 4351 non
2827 4296 2967 4351 dicit
2998 4315 3011 4351 :
3042 4297 3156 4368 Ego
3186 4299 3399 4367 Agnum
3443 4302 3542 4357 Det

1945 4386 2194 4447 immolo.
2228 4388 2322 4442 sed
2345 4386 2533 4459 Agnus
2561 4388 2654 4443 Dei
2690 4389 3033 4451 immolatur.
3064 4389 3154 4444 hic
3190 4390 3310 4460 ipse
3339 4392 3544 4448 videli-

1947 4486 2032 4532 cet
2057 4480 2152 4547 qui
2183 4490 2354 4534 semet
2385 4479 2636 4534 immolat
2660 4480 2879 4535 volente
2909 4482 3069 4536 Patre
3099 4493 3155 4538 et
3183 4494 3378 4540 sancto
3408 4485 3544 4554 Spi-

1953 4571 2060 4624 ritu
2094 4582 2474 4641 eooperaute:
2509 4573 2655 4627 idem
2698 4573 2964 4629 sacerdos
3010 4583 3065 4628 et
3112 4575 3359 4641 victima,
3391 4577 3550 4633 idem

249 4675 362 4722 νος.
558 4721 564 4727 _
1871 4655 1921 4714 D
1949 4662 2232 4732 excipiens
2259 4674 2314 4716 et
2346 4663 2610 4718 θίγοι·εοε.

324 4751 408 4809 ιε’.
429 4753 530 4808 Διὰ
559 4753 718 4807 τοῦτο
751 4752 827 4817 ὡς
860 4754 938 4823 τῷ
967 4752 1192 4825 Χριστῷ
1220 4753 1300 4824 τῷ
1349 4754 1489 4825 ἱερεῖ
1539 4755 1845 4827 προσερχό-

251 4863 430 4918 μενοι,
458 4846 792 4916 τιμήσωμεν
821 4849 976 4918 πάσῃ
1005 4845 1349 4914 καθαρότητι
1393 4846 1492 4900 τοῦ
1541 4831 1750 4916 Κυρίου
1781 4847 1844 4900 τὸ

250 4938 436 5009 σῶμα,
466 4937 678 5008 ψυχικῇ
708 4955 768 4990 τε
799 4940 896 4992 καὶ
927 4941 1219 5008 σωματικῇ
1243 4925 1513 4992 ο’διπλοῦν
1545 4939 1657 5009 γάρ
1689 4941 1808 4992 ἐστι
1829 4955 1844 4970 ο

249 5011 650 5101 προσέλθωμεν
679 5030 828 5102 αὐτῷ
863 5030 1016 5102 πόθῳ
1065 5030 1304 5094 διακαεϊ,
1337 5031 1432 5083 καὶ
1479 5031 1849 5102 σταυροειδῶς

245 5123 348 5184 τὰς
379 5121 642 5192 παλάμας
675 5123 1052 5186 τυπώσαντες,
1071 5122 1131 5176 τὸ
1160 5123 1324 5190 σῶμα
1346 5120 1442 5175 τοῦ
1484 5121 1849 5191 ἐσταυρωμέ-

249 5231 348 5269 νου
400 5213 829 5284 ὕποδεξώμεθαο
884 5214 993 5270 καὶ.
1032 5212 1339 5276 ἐπιθέντες,
1371 5211 1690 5282 ὀφθαλμοὺς
1746 5211 1843 5263 καὶ

249 5305 409 5378 χείλη
457 5306 556 5360 κα.)⁵
593 5306 847 5377 μέτωπα,
874 5305 966 5357 τοῦ
995 5304 1147 5357 θείου
1194 5302 1472 5373 ἄνθρακος
1523 5301 1843 5373 μεταλάϐω-

254 5396 548 5466 μεν,ὂπως
595 5395 920 5464 καταφλέξῃ
942 5395 1038 5457 τὰς
1071 5393 1352 5464 ἁμαρτίας
1397 5393 1580 5463 ἡμῶν,
1605 5393 1698 5446 καὶ
1732 5411 1844 5462 φω-

251 5485 381 5559 τίσῃ
413 5486 511 5550 τὰς
540 5487 770 5557 καρδίας
806 5488 990 5555 ἡμῶν,
1024 5490 1121 5541 καὶ
1149 5489 1218 5557 τῇ
1269 5487 1534 5557 μετουσίᾳ
1565 5485 1660 5538 τοῦ
1695 5485 1840 5538 θείου

252 5579 428 5648 πυρὸς
475 5580 857 5650 πυρωθῶμεν·
889 5579 940 5631 οἱ
973 5579 1082 5649 γὰρ
1126 5578 1317 5632 τούτου
1355 5579 1675 5649 μετέχοντες
1704 5579 1842 5647 μετὰ

248 5671 502 5741 ἀγγέλωι
551 5673 641 5724 καὶ
693 5671 1061 5740 ἀρχαγγέλων
1093 5672 1186 5722 καὶ
1229 5671 1337 5724 τῶν
1385 5672 1500 5724 ἀνω
1551 5669 1843 5736 δυνάμεων

251 5762 575 5832 ἑστήκασιν,
625 5765 796 5833 αὐτὴν
854 5766 1241 5832 περικείμενοι
1299 5761 1395 5816 τοῦ
1452 5760 1691 5831 Χριστυῦ
1744 5763 1843 5829 τὴν

255 5951 286 6006 b
449 5881 570 5938 Ilaa:
621 5894 704 5941 est
760 5884 1024 5940 nimirum
1061 5883 1379 5955 baptizandi
1454 5880 1689 5936 formula
1728 5881 1873 5951 apud

291 5967 359 6006 an
386 5969 487 6006 σεο.

291 5967 487 6019 apuzo.

2009 4738 2113 4807 ΑΒ.
2179 4751 2531 4822 Quapropter
2580 4753 2647 4807 ad
2703 4755 3048 4811 sacerdotem
3102 4773 3206 4812 ceu
3256 4757 3537 4816 Christum

1947 4845 2304 4909 accedentes,
2330 4845 2673 4900 honoremus
2696 4862 2823 4901 cum
2842 4849 2997 4903 omni
3020 4849 3292 4905 munditia
3322 4852 3540 4908 Dcmini

1948 4951 2172 5006 corpus,
2224 4936 2484 5004 spiritali,
2544 4937 2796 5008 inquam,
2851 4949 2910 4995 et
2964 4943 3282 5012 corporali;
3336 4931 3563 5014 duplex.

1949 5030 2154 5099 quippe
2193 5028 2435 5100 [Domini
2490 5029 2715 5103 natura]
2763 5042 2874 5090 est.
2907 5033 3047 5087 Cum
3099 5035 3319 5090 fervido
3348 5031 3568 5092 amore‘

1947 5121 2303 5187 accedamus,
2366 5123 2731 5193 manibusque
2773 5124 2828 5178 in
2876 5128 3062 5180 crucis
3118 5126 3352 5182 formam
3395 5145 3546 5183 coui-

1953 5215 2196 5285 plicatis,
2249 5214 2383 5268 illud
2443 5215 2844 5284 suscipiamus,
2887 5228 2944 5271 et
2998 5218 3296 5282 oculis,ac
3354 5219 3542 5288 labiis,

1952 5306 2235 5376 frontique
2271 5300 2619 5376 applicantes
2653 5305 2909 5361 divinum
2950 5309 3352 5366 carbunculum
3396 5315 3545 5367 act-i-

1951 5396 2195 5465 piamus,
2229 5405 2287 5449 ut
2315 5405 2541 5464 peccata
2572 5407 2761 5450 nostra
2795 5407 3014 5461 exurat,
3041 5402 3206 5452 corda
3239 5401 3542 5465 illunnnct.

1952 5500 2116 5558 atque
2154 5500 2212 5540 ut
2243 5489 2416 5542 divini
2455 5489 2597 5558 ignis
2650 5490 3077 5560 participatione
3132 5493 3546 5551 inllaunnemur

1951 5597 2014 5636 ac
2058 5581 2407 5634 deiticemur.
2445 5581 2596 5634 .Nam
2656 5581 2751 5642 nui
2812 5583 2960 5636 hunc
3021 5585 3376 5653 participant,
3411 5603 3539 5642 cum

1953 5674 2162 5738 angelis
2198 5682 2252 5725 ct
2287 5672 2639 5742 archangelis
2681 5677 3052 5744 supernisque
3085 5679 3384 5734 virtutibus
3407 5696 3543 5737 cana

1955 5766 2183 5828 sistunt,
2218 5764 2414 5818 eadem
2468 5767 2677 5821 Christi
2726 5771 2897 5839 regali
2929 5771 3070 5824 stola
3109 5776 3314 5836 v-rstiti,
3345 5785 3404 5830 ct
3429 5773 3547 5846 spi-

1949 5882 2168 5939 Graecos
2216 5901 2229 5935 :
2293 5884 2617 5956 Baptizatur
2675 5885 2785 5954 N.;
2841 5904 2950 5946 non
2997 5899 3183 5946 autem
3232 5909 3249 5948 :
3313 5891 3428 5964 Ego
3490 5901 3544 5949 te
