4036 6502
269 342 407 409 1069

1148 346 1453 409 NlCEPll.
1489 348 1879 408 GllEGOlle
1914 351 2349 417 ALLOCUTlO
2384 355 2483 416 AD
2524 358 2603 417 1M
2620 361 2701 419 P.’

3406 367 3543 429 Η)ῗῦ

269 456 366 511 νῦν
416 457 759 530 εὐφροσύνης
794 460 1041 531 μακροὺς
1075 461 1426 531 ἀναπέμπειν
1468 462 1593 525 τοὺς
1639 461 1847 530 ὓμνους
1883 466 1921 522 Λ
1957 466 2005 517 οἱ
2038 466 2094 519 δὲ
2121 468 2185 522 τὸ
2210 468 2310 539 τῆς
2332 470 2572 535 διανοίας
2607 472 2701 537 ὀξὺ
2723 474 2815 527 καὶ
2846 474 3249 548 τελεσιουργὸν,
3274 481 3366 534 καὶ
3391 482 3541 546 ὅπως

267 550 602 619 ἐπείγονται,
628 554 725 607 καὶ
754 554 956 625 σκιρτᾷ
988 554 1086 608 καὶ
1138 554 1321 623 χαίρει
1369 556 1462 607 τὸν
1499 554 1702 625 ὡραῖον
1748 556 1849 625 τῆς

266 644 536 717 εὐθυμίας
588 646 795 716 χιτῶνα
843 648 906 700 τὸ
957 646 1068 700 τῶν
1121 647 1334 700 πόλεων
1405 648 1849 717 ἀμφιεννύμενον

268 739 584 808 πρόσωπον.
614 739 688 792 Σὺ
714 740 825 809 γάρ
846 735 899 793 εἴ
934 739 1032 793 καὶ
1054 739 1325 809 ζωογόνος
1356 740 1465 794 τῶν
1501 740 1849 811 πραγμάτων

265 833 470 902 καρδία
511 834 605 885 καὶ
653 834 838 902 τετχος
877 832 974 886 καὶ
1010 830 1263 902 θεμέλιος
1309 836 1413 907 καὶ
1460 832 1694 896 πλοῦτος
1739 834 1848 887 τῶν

267 923 503 987 πόλεων,
531 924 630 977 καὶ
677 924 816 994 πρὸς
864 923 925 977 at
961 922 1274 992 βλέπουσιν,
1328 924 1463 976 ὅπου
1496 939 1601 993 περ
1658 922 1726 977 ἂν
1756 919 1847 995 ᾖς,

264 1008 459 1080 ὥσπερ
485 1010 555 1064 τά
577 1012 679 1081 τῆς
710 1012 815 1080 γῆς
856 1012 1219 1083 βλαστήματα
1254 1014 1393 1083 πρὸς
1421 1013 1596 1083 ἦλιον.
1630 1014 1775 1066 Ἀλλ’
1797 1015 1847 1067 οἱ

266 1098 372 1169 μὲν
398 1101 554 1168 σοφοί
582 1116 638 1153 τε
689 1102 786 1155 καὶ
810 1101 1030 1174 έλληνες
1061 1103 1213 1172 λόγοι
1237 1102 1308 1157 τά
1337 1122 1397 1157 τε
1433 1103 1572 1159 ἀλλα
1612 1106 1707 1159 καὶ
1751 1106 1852 1157 Ἢ-

268 1190 475 1261 ρακλέα
497 1193 590 1247 τὸν
622 1195 770 1247 πάνυ
805 1194 1147 1264 παμπόλλων
1180 1195 1492 1265 ἀνθρώπων
1517 1197 1617 1249 καὶ
1639 1194 1848 1248 πόλεων

264 1284 570 1358 εὐεργέτην
623 1287 979 1342 καταστάντα
1024 1287 1159 1357 φασὶ
1206 1287 1457 1358 μεγάλης
1496 1289 1597 1358 τῆς
1646 1286 1847 1342 ἑαυτοῦ

265 1379 425 1452 δόξης
472 1381 755 1452 ἐμπλῆσαι
803 1382 905 1450 τήν
966 1398 1025 1434 τε
1088 1382 1324 1436 Ἐλλάδα
1385 1384 1480 1437 καὶ
1531 1385 1683 1446 ὅσαις
1751 1383 1850 1452 τῆς

279 1472 530 1537 Ἑλλάδος
562 1474 823 1525 ἐπέκεινα
857 1471 1046 1524 πόλεσι
1102 1474 1196 1527 καὶ
1227 1472 1436 1545 χώραις
1483 1474 1593 1527 ἔδει
1628 1475 1729 1545 τῆς
1753 1476 1853 1529 αύ-

266 1560 641 1634 τοΰβοηθείας
664 1578 677 1593 ·
712 1562 1083 1617 ἐπελαύνοντα
1112 1565 1226 1633 γὰρ
1249 1564 1540 1634 καθαίρειν
1564 1565 1600 1618 ἆ
1627 1567 1725 1635 τῆς
1746 1566 1850 1634 γῆς

269 1653 485 1727 δκείνης
542 1654 739 1723 ἐφύετο
795 1656 1083 1725 νοσήματα
1138 1657 1233 1710 καὶ
1295 1657 1614 1727 ὑϐρίσματα
1677 1660 1851 1714 ὁπόσα

268 1726 616 1818 γεωργοῦσιν
650 1750 838 1816 ἄγριοι
869 1747 1041 1818 θῆρες
1071 1749 1168 1801 καὶ
1206 1748 1368 1813 πόδες
1426 1726 1661 1821 ληστῶν.
1706 1750 1849 1806 Ἀλλ’

1964 559 2260 614 ἀκόλουθον
2292 564 2355 616 τὸ
2380 564 2490 617 τῶν
2522 565 2753 633 ἀγώνων
2784 566 2958 635 πέρας
2987 572 3163 632 ποιεῖς
3187 573 3310 633 ταῖς
3355 574 3543 627 Erum»-

1958 650 2077 715 λαῖς
2106 652 2217 705 τῶν
2241 654 2428 723 ἀρχῶν
2453 670 2466 685 ·
2501 655 2725 723 φθάνεις
2753 658 2864 728 γὰρ
2896 657 2976 728 τῷ
3013 660 3168 729 τάχει
3197 660 3294 715 τοῦ
3340 662 3544 732 δρόμου

1958 744 2057 813 τὴν
2089 744 2189 815 σὴν
2226 746 2511 813 ἀγγ-λίαν,
2539 749 2636 803 καὶ
2681 749 2812 820 πρὶν
2858 752 3193 822 ἀκουσθῆναι
3222 754 3391 826 φαίνῃ
3439 773 3543 807 πα-

1962 835 2078 905 ρὼν
2113 837 2206 889 καὶ
2236 840 2300 906 τῇ
2350 838 2596 909 αίφνιδίᾳ
2640 858 2736 893 σου
2783 843 3063 915 παρουσίᾳ
3115 845 3182 897 τὰ
3235 844 3347 897 τῶν
3379 847 3544 898 mic-

1961 922 2104 993 μίων
2138 926 2365 994 θραύεις
2396 928 2713 997 σκέμματα.
2741 930 2899 986 Οὕτω
2942 935 3070 997 τοὺς
3096 935 3418 1004 Τριϐαλλῶν
3455 937 3547 989 καὶ

1962 1016 2172 1071 Μυσῶν
2215 1017 2524 1090 ἐξέπληξας
2573 1023 2878 1093 ἡγεμόνας,
2921 1026 3282 1083 καθεύδουσιν
3312 1031 3548 1092 ἐπιστὰς

1959 1106 2219 1171 πολλάκις
2273 1113 2683 1184 ἀπροσδόκητος
2707 1116 2896 1188 ὥσπερ
2941 1137 3024 1183 τις
3076 1121 3318 1191 αἰθέριος
3349 1140 3547 1191 κεραυ-

1959 1202 2045 1263 νός
2134 1203 2278 1257 οὕτω
2333 1203 2464 1257 Χίον
2511 1202 2676 1274 εἷλες,
2723 1208 2869 1263 οὕτω
2919 1211 3181 1267 Φώκαιαν
3236 1214 3548 1278 ὲδουλὼσω,

1958 1293 2133 1357 οὕτως
2182 1297 2476 1367 Ἰλλυριοὺς
2524 1300 2893 1370 κατέδραμες,
2937 1302 3080 1355 οὕτω
3130 1305 3225 1357 νῦν
3276 1306 3549 1369 Αἰτωλοὺς

1959 1388 2054 1440 καὶ
2089 1388 2433 1457 Ἀκαρνᾶνας
2464 1394 2519 1455 ὲς
2580 1393 2640 1446 τὸ
2673 1395 2901 1464 ἀρχαῖον
2947 1397 3301 1467 ὲπανήγαγες
3360 1400 3549 1469 σχῆμα

1960 1482 2059 1550 τῆς
2098 1480 2394 1549 Ῥωμαίων
2442 1486 2745 1552 ἡγεμονίας
2775 1488 2876 1557 (Ι).
2956 1527 2971 1543 .
3053 1527 3066 1541 .
3152 1528 3166 1543 .
3246 1533 3260 1546 .
3340 1532 3355 1545 .
3440 1535 3451 1547 .
3536 1538 3546 1549 .

3230 1586 3326 1638 καὶ
3383 1586 3550 1655 ἄμφω

1959 1664 2029 1717 τὰ
2064 1669 2305 1735 στοιχεῖα
2338 1670 2636 1739 ἐμπλήσας
2682 1670 2778 1724 τοῦ
2810 1673 3122 1740 θαύματοςῖ
3147 1678 3306 1745 Λέγω
3354 1678 3420 1748 δὴ
3452 1681 3550 1743 τὴν

1959 1757 2225 1811 διαϐᾶσαν
2264 1760 2323 1824 ἐξ
2355 1760 2540 1825 Ἀσίας
2577 1763 2699 1816 καθ’
2723 1766 2881 1835 ἡμῶν
2914 1768 3191 1837 Περσικὴν
3215 1771 3431 1839 ἐκείνην
3458 1772 3549 1824 καὶ

268 1843 455 1896 ἀκεϊνα
496 1844 649 1908 λόγοι
682 1842 792 1912 ἄρα
835 1838 979 1912 ἦσαν
1018 1842 1206 1912 μύθων
1237 1843 1569 1911 αὐτονομίαν
1601 1861 1852 1910 συναγω-
1885 1828 1937 1882 Β·
1957 1849 2237 1919 δύσμαχον
2266 1852 2497 1921 δύναμίν
2536 1873 2595 1908 τε
2638 1828 3015 1924 καί-ὅπλισιν,
3054 1860 3121 1929 ῆν
3147 1828 3345 1932 ’ἡμέρᾳ
3381 1828 3551 1931 κατη-

267 1932 558 2005 νιζομένην
598 1933 958 1997 πλουτοῦντες
990 1935 1065 1997 ὡς
1086 1935 1154 1987 τά
1188 1935 1363 1987 πολλά
1410 1936 1504 1987 καὶ
1541 1936 1717 2005 ῥᾷστα
1746 1935 1850 2003 τὴν

269 2024 438 2095 ἀκοὴν
468 2025 907 2087 ύποκλέπτοντες
932 2041 948 2057 ο
992 2024 1088 2079 νῦν
1137 2026 1182 2079 δ’
1214 2021 1357 2078 εἶδεν
1395 2026 1552 2078 ἄλλον
1583 2029 1617 2093 ὴ
1656 2025 1850 2089 Ἑλλὰς

280 2119 560 2191 Ἡρακλέα
627 2122 708 2185 σὲ,
754 2121 997 2190 πολυετῆ
1054 2119 1396 2190 καθαίροντα
1468 2120 1570 2189 γῆς
1628 2120 1847 2187 ἐκείνης

275 2212 556 2283 νοσήματα
574 2214 668 2267 καὶ
687 2213 1030 2284 ὑϐρίσματα,
1054 2215 1115 2266 ού
1147 2212 1308 2281 θέρος
1331 2212 1428 2265 καὶ
1445 2213 1547 2281 ἔαρ
1570 2214 1649 2275 είς
1668 2212 1850 2265 ὅπλων

256 2305 638 2376 περιμένοντα
690 2304 903 2375 χρείαν,
956 2303 1094 2358 ἀλλά
1144 2304 1341 2370 φύσεις
1374 2302 1534 2372 ὡρῶν
1582 2304 1677 2356 καὶ
1707 2320 1848 2357 στοι-

268 2400 434 2473 χείων
474 2396 935 2467 καινοτομοῦντα,
969 2397 1064 2450 καὶ
1122 2396 1282 2473 θέρος
1317 2396 1417 2465 μὲν
1449 2395 1755 2465 ἡγούμενον
1788 2395 1849 2447 τὸ

243 2491 379 2559 ,τῶν
432 2492 721 2562 χειμώνων
749 2489 946 2561 ψῦχος,
973 2490 1191 2561 τρυφὴν
1239 2490 1295 2542 δὲ
1326 2490 1427 2558 τὴν
1481 2491 1722 2554 ἀσιτίαν,
1756 2489 1851 2545 καὶ

264 2582 440 2651 κῦπνον
469 2583 573 2652 μὲν
601 2583 702 2651 τὴν
735 2582 1070 2652 ἀγρυπνίαν,
1096 2581 1439 2645 ἀναπαύσεις
1472 2581 1527 2635 δὲ
1558 2581 1850 2652 βασιλικὰς

269 2660 380 2730 καί
394 2673 679 2746 ῥᾳθυμίας
706 2673 769 2728 τδ
802 2673 1244 2739 διανυκτερεύειν
1297 2674 1512 2745 αἴθριον
1543 2675 1638 2727 καὶ
1666 2674 1851 2736 πόνοις

236 2756 237 2759 η
272 2766 425 2831 ἰδίοις
476 2766 554 2836 τῷ
611 2765 780 2835 κοινῷ
825 2766 926 2836 τὴν
962 2766 1235 2834 ὠφέλειαν
1268 2765 1610 2836 παρέχεσθαι
1662 2765 1757 2820 καὶ
1789 2767 1851 2818 τὸ

273 2859 542 2929 μηδαμῶς
594 2857 1049 2920 τοῦςέπλείστους
1092 2858 1463 2930 περιδρόμους
1502 2858 1701 2927 τρέψαι
1732 2856 1852 2928 βού-

269 2946 457 3000 λεσθαι
487 2947 625 3017 πρὸς
656 2947 896 3015 ἠρεμίαν
931 2946 1039 2999 οὐδ’
1073 2947 1172 3016 ὀψὲ
1202 2947 1297 3001 τού
1332 2950 1552 3017 χρόνου,
1580 2948 1716 3001 ἀλλὰ
1758 2949 1851 3000 πό-

268 3054 379 3101 νοις
410 3039 608 3102 πόνους
642 3039 933 3109 ἐπιφέρειν
954 3038 1049 3092 καὶ
1072 3039 1351 3110 διαδόχους
1374 3040 1602 3108 ἁγὼιων
1632 3039 1852 3107 ἀγῶνας

268 3127 535 3183 δεικνύειν
567 3129 708 3183 κατά
734 3130 795 3182 τὸ
826 3131 1069 3201 συνεχὲς,
1096 3132 1485 3202 ἠπειρωτικῶν
1514 3131 1612 3201 μὲν
1648 3132 1849 3185 θαλασ-

271 3221 439 3289 σίους,
462 3221 769 3276 θαλασσίων
796 3222 842 3276 δ’
869 3221 937 3278 αὖ
957 3225 1382 3295 ἠπειρωτικούς.
1412 3226 1522 3279 Καὶ
1545 3224 1656 3280 τῶν
1676 3226 1852 3278 τοιού-

268 3329 378 3367 των
410 3311 639 3381 ἀγώνων
669 3315 715 3365 οί
739 3313 840 3382 μὲν
862 3314 922 3367 τὸ
949 3315 1152 3384 πλῆθος
1179 3314 1576 3383 θαυμάζουσιν,
1600 3317 1651 3368 οί
1672 3316 1729 3369 δὲ
1756 3318 1855 3385 τὴν

274 3403 582 3475 συνιχειαν,
631 3404 727 3457 καὶ
753 3407 804 3458 οί
830 3407 929 3475 μὲν
957 3408 1020 3459 τὸ
1066 3408 1176 3459 τῶν
1212 3410 1431 3476 δρόμων
1465 3408 1857 3479 ἀγχίστροφον,

274 3588 589 3644 civitatibus
644 3604 897 3657 securum
966 3590 1376 3646 fundamentum
1422 3602 1476 3646 et
1514 3608 1644 3663 opes
1677 3595 1861 3649 lirmas

272 3688 535 3750 prastas;
600 3680 653 3733 in
717 3691 769 3735 te
832 3681 1034 3750 igitur,
1087 3683 1395 3752 ubicunque
1460 3683 1582 3747 sis,
1643 3699 1858 3750 omnes,

274 3769 414 3825 sicut
429 3770 622 3839 planta:
666 3772 835 3825 solem
869 3786 1081 3837 versus,
1108 3773 1425 3841 respiciunt.
1453 3774 1516 3828 Et
1546 3772 1858 3830 Grzecorum

273 3860 493 3931 quidem
533 3863 708 3917 docta:
734 3863 1033 3920 relationes
1058 3864 1343 3919 llerculem
1377 3866 1732 3935 plurimarum
1760 3882 1860 3922 na-

276 3955 488 4011 tionum
539 3955 932 4024 civitatumque
981 3956 1385 4014 benefactorem
1434 3956 1606 4014 fuisse
1636 3973 1701 4014 ae
1761 3976 1859 4015 no-

278 4043 439 4101 minis
494 4044 576 4100 sui
638 4044 779 4100 fama
835 4045 1100 4102 Grateiam
1156 4048 1453 4117 replerisse
1530 4060 1588 4107 et
1661 4051 1860 4108 vicinis

276 4138 530 4209 gentibus
577 4140 781 4194 auxilio
844 4140 1019 4196 fuisse
1078 4141 1240 4197 fidem
1285 4142 1492 4198 faciunt
1524 4182 1538 4208 ,
1589 4144 1857 4214 siquidem

281 4241 494 4296 terras,
562 4246 697 4300 quas
758 4233 932 4297 adiit,
989 4236 1196 4290 morbis
1269 4251 1334 4292 ac
1388 4238 1628 4292 ferarum
1693 4240 1855 4295 latro-

278 4340 515 4383 numque
543 4320 754 4397 injuriis
789 4329 1047 4383 liberarit.
1086 4329 1192 4385 Sed
1228 4329 1343 4386 ista:
1388 4334 1582 4389 fabula:
1638 4335 1740 4391 fide
1780 4338 1858 4391 le-

278 4419 465 4488 gitima
497 4431 749 4475 carentes
772 4435 931 4475 aures
977 4426 1358 4479 tantummodo
1405 4427 1646 4483 ti'tillant.
1705 4428 1758 4482 ιιι
1807 4443 1857 4483 te

1960 1942 2179 2002 γωνίσω
2238 1943 2359 2010 μιᾷ,
2391 1944 2686 2006 πλείστους
2745 1948 2848 2014 μὲν
2908 1949 3138 2014 ἀνελὼν,
3210 1954 3429 2016 πλείους
3494 1954 3549 2006 δὲ

1960 2031 2170 2093 ζῶντας
2197 2033 2356 2089 ἑλών,
2408 2035 2515 2086 Καὶ
2556 2035 2603 2087 ’ἃ
2644 2037 2815 2089 πάλαι
2863 2038 3239 2108 Θεμιστοκλέα
3267 2045 3551 2112 ἀκούομεν

1959 2124 2018 2186 ἐξ
2064 2125 2321 2192 ’Λττικῆς
2372 2127 2468 2178 καὶ
2525 2127 2843 2182 Παυσανίαν
2895 2132 2959 2184 ἐκ
3022 2135 3437 2206 Λακκῖαίμονος
3494 2139 3552 2191 ἐν

1962 2215 2135 2283 ἱκανῷ
2168 2215 2503 2286 διαστήματι
2530 2219 2726 2287 χρόνου
2774 2221 2874 2274 δύο
2901 2225 3310 2294 μερισαμένους
3342 2229 3442 2297 στή
3457 2244 3550 2279 σα-

1962 2307 2084 2358 σθαι
2107 2308 2345 2375 τρόπαια
2382 2310 2521 2361 κατά
2546 2311 2657 2363 τῶν
2700 2312 2847 2380 μετὰ
2889 2312 3093 2385 Ξέρξου
3140 2317 3394 2386 Περσῶν,
3426 2349 3493 2358 —-
3522 2324 3551 2373 ὁ

1963 2401 2061 2469 μὲν
2091 2400 2201 2469 γάρ
2231 2402 2286 2452 ὲν
2305 2403 2417 2463 τοῖς
2450 2403 2583 2472 περὶ
2606 2403 2892 2474 Σαλαμῖνα
2919 2410 3128 2471 στενοῖς
3154 2409 3253 2482 τὴν
3284 2413 3550 2482 ναυτικὴν

1961 2492 2188 2545 ἐκείνων
2223 2494 2593 2548 κατεόἀπτισε
2648 2497 2903 2567 δύναμιν,
2937 2502 2965 2553 ὁ
2996 2501 3052 2554 δὲ
3105 2506 3235 2573 περὶ
3288 2504 3549 2560 Βοιωτίαν
3636 2500 3639 2503 ’

1960 2588 2029 2636 τὰ
2062 2585 2484 2654 περιλειφθέντα
2513 2588 2612 2640 σὺν
2652 2590 2949 2663 Μαρδονίῳ
3002 2596 3349 2664 στρατόπεδα
3385 2615 3550 2651 κατε-

1960 2677 2281 2745 τροπώσατο
2306 2709 2376 2721 -
2399 2680 2573 2733 ταῦτα
2600 2683 2666 2735 σὺ
2698 2682 2911 2751 βέλτιον
2944 2686 3004 2737 έν
3034 2688 3222 2760 ἡμέρᾳ
3267 2690 3549 2761 διεπράξω

1965 2769 2063 2837 μιᾷ
2088 2769 2230 2822 κατά
2278 2768 2387 2822 τῶν
2416 2772 2858 2825 ὲπεισπεσόντων
2906 2775 3043 2845 ἡμῖν
3080 2778 3371 2845 αἰφνιδίως
3412 2780 3551 2851 Περ-

1968 2860 2098 2911 σῶν.
2129 2857 2269 2921 Τοὺς
2301 2859 2401 2927 μὲν
2433 2862 2542 2931 γὰρ
2597 2862 2812 2933 κύμασι
2874 2866 2968 2919 καὶ
3025 2868 3230 2937 ῥοθίοις
3277 2870 3552 2943 θαλάττης

1963 2952 2171 3014 ἒδιηκας
2209 2952 2598 3022 βαπτίζεσθαι,
2636 2959 2763 3021 τοὺς
2795 2957 2851 3011 δὲ
2882 2960 3139 3031 καθάπερ
3179 2963 3463 3034 ἀστάχυας
3493 2966 3553 3018 ὲν

1962 3045 2077 3106 τοῖς
2130 3044 2418 3115 παραλίοις
2468 3046 2569 3118 τῆς
2616 3048 2842 3121 Θρᾴκης
2875 3051 3291 3123 κατέστρωσας,
3326 3057 3451 3120 τοὺς
3492 3057 3552 3110 δὲ

1964 3134 2184 3199 πλείους
2213 3136 2426 3201 ζῶντας
2454 3139 2758 3209 ἐχειρώσω,
2810 3142 2999 3214 ὥσπερ
3041 3147 3099 3199 ἐν
3130 3148 3351 3219 ἐξουσίᾳ
3396 3150 3554 3219 βασι-

1964 3225 2093 3294 λικῇ
2124 3230 2288 3297 τριχῇ
2346 3230 2529 3299 τὸτῆς
2566 3231 2727 3301 νίκης
2783 3234 3174 3305 διαιρούμενος
3227 3242 3547 3309 κράτιστον.

1964 3314 2140 3369 Πάλαι
2174 3318 2275 3385 μὲν
2296 3317 2401 3397 ιοῦν
2433 3320 2717 3392 ἐθαύμαζε
2757 3324 2930 3395 δῆμος
2965 3327 3236 3399 Ἑλλήνων
3275 3333 3554 3389 ’Λλκιὸιά-

1962 3406 2062 3475 δην
2096 3408 2309 3464 ἐκεῖνον
2364 3413 2458 3465 τὸν
2503 3414 2881 3485 Σωκρατικὸν,
2919 3419 3013 3472 τὶν
3064 3420 3339 3488 Κλεινίου,
3370 3426 3461 3479 τὸν
3493 3429 3551 3480 ἐν

1964 3587 2055 3641 alii
2100 3588 2440 3648 velocitatem
2475 3606 2530 3650 et
2575 3579 2805 3654 acumen
2860 3600 3061 3673 ingenii
3103 3607 3180 3661 tui
3221 3611 3549 3680 suspiciunt.

1964 3679 2098 3734 Natu
2153 3686 2329 3738 nuntii
2369 3686 2446 3741 tui
2477 3702 2639 3745 cursu
2687 3702 3107 3766 prmertuntur,
3151 3709 3207 3755 et
3246 3679 3424 3758 subita
3458 3714 3552 3761 tua

1966 3779 2257 3845 prmsentia
2289 3780 2524 3843 hostium
2566 3787 3006 3844 machinamenta
3050 3792 3204 3847 irrita
3240 3794 3399 3853 facis.
3462 3798 3554 3855 Sic

1966 3865 2330 3924 Triballorum
2364 3872 2746 3947 Mysorumque
2789 3880 2959 3938 duces
3001 3890 3339 3944 conturbas-ti
3373 3932 3388 3954 ,
3451 3908 3554 3949 nec

1964 3959 2218 4027 opinatos
2261 3977 2353 4018 eos
2385 3963 2631 4024 fulminis
2676 3970 2851 4027 instar
2881 3974 3204 4034 adoriendu.
3240 3983 3332 4038 Sic
3375 3983 3553 4041 Chion

1962 4052 2178 4119 cepi3ti,
2212 4054 2291 4107 sic
2320 4053 2603 4112 Pltoeeam
2646 4061 2945 4133 subegisti;
2978 4066 3058 4122 sic
3089 4067 3364 4141 Illyricum
3397 4077 3555 4132 inva-

1963 4142 2117 4210 sisti;
2157 4146 2237 4199 sie
2270 4163 2443 4217 nuper
2457 4148 2654 4207 Aitolis
2672 4163 2837 4225 atque
2862 4156 3246 4220 Acarnauibus
3272 4169 3553 4238 antiquam

1967 4235 2337 4293 Romanorum
2374 4241 2601 4299 formam
2637 4247 2914 4316 refecisti;
2948 4253 3027 4307 sic
3061 4265 3260 4311 terram
3296 4277 3555 4335 mareque

1964 4329 2321 4398 stupefeeisti.
2355 4333 2486 4388 Dico
2518 4338 2772 4405 equidem
2806 4346 3110 4400 exercitum
3162 4350 3324 4404 istum
3368 4329 3553 4410 Persi—

1966 4438 2117 4481 cum.
2148 4424 2237 4492 qui
2283 4437 2475 4482 contra
2521 4444 2620 4484 nos
2650 4433 2853 4498 movit,
2893 4445 2944 4491 te
2976 4454 3084 4494 uno
3109 4442 3196 4495 die
3238 4446 3554 4517 proﬂigasse

280 4522 457 4565 autem
495 4511 706 4568 Graecia
755 4528 955 4569 novum
1013 4516 1255 4584 possidet
1301 4510 1587 4573 Herculem
1624 4525 1711 4589 qui
1772 4540 1857 4577 re-

1966 4525 2018 4565 t'l
2076 4516 2275 4572 multos
2305 4528 2400 4572 aut
2441 4523 2746 4589 cecidisse,
2791 4537 2888 4583 aut
2934 4532 3086 4587 vivos
3131 4538 3359 4605 cepisse.
3396 4510 3551 4606 Quod

277 4602 513 4671 gioucur
551 4606 710 4660 iSlaltt
747 4622 853 4661 non
913 4607 1119 4664 morbis
1165 4625 1232 4665 ac
1261 4612 1475 4680 injuriis
1508 4614 1725 4682 liberat,
1766 4618 1857 4687 qui

278 4710 443 4751 verno
478 4710 640 4767 atque
672 4700 1143 4771 mstivovtcmpore
1186 4720 1293 4759 non
1324 4707 1391 4760 ad
1421 4722 1570 4760 arma
1604 4711 1856 4777 recurrit,

276 4789 370 4843 sed
395 4789 691 4844 stationum
720 4803 777 4845 et
801 4796 1193 4848 elementorum
1224 4805 1480 4852 naturam
1510 4798 1851 4867 reformavit;

276 4877 367 4946 qui
417 4877 586 4947 frigus
629 4880 922 4935 hibernum
956 4898 1052 4950 pro
1079 4893 1293 4949 aestate,
1321 4886 1520 4957 famem
1551 4905 1649 4958 pro
1680 4894 1857 4945 abun-

276 4968 489 5032 dantia,
525 4969 794 5023 insomnia
828 4985 926 5036 pro
953 4972 1136 5042 quiete
1177 4975 1366 5029 ltabcs.
1421 4975 1501 5031 Tu
1552 4979 1596 5032 si
1632 4982 1731 5035 sub
1767 4982 1859 5037 diu

278 5070 589 5126 pernoetas,
613 5063 758 5128 regia
798 5072 847 5113 te
880 5062 1160 5130 voluptate
1191 5062 1292 5117 frui
1326 5074 1519 5134 putas;
1551 5078 1604 5121 ttt
1640 5075 1858 5141 propria

278 5154 561 5203 commoda
590 5154 865 5205 communi
911 5154 1127 5208 utilitati
1171 5160 1489 5226 postponis;
1527 5171 1578 5213 tu
1611 5164 1859 5220 cursibus

282 5240 579 5297 laboriosis
597 5258 733 5298 nova
756 5247 1060 5300 certamina
1088 5257 1141 5301 et
1168 5247 1385 5304 labores
1400 5252 1572 5318 addis,
1604 5270 1701 5310 uec
1727 5267 1862 5309 teni.

278 5332 399 5400 pori
433 5347 534 5385 nec
561 5334 722 5388 rebus
752 5338 1044 5403 parcendo,
1084 5348 1139 5392 et
1176 5354 1382 5409 pugnas
1415 5350 1527 5395 tum
1556 5346 1859 5401 maritimas

279 5438 402 5479 cum
437 5436 725 5481 terrestres
759 5426 972 5482 ciendo.
1029 5427 1095 5481 Et
1140 5431 1329 5484 horum
1361 5433 1579 5502 quidem
1605 5442 1859 5493 certami-

286 5530 412 5569 num
442 5514 534 5569 alii
566 5516 994 5582 multitudinem,
1031 5519 1122 5574 alii
1148 5519 1511 5581 frequentiam
1543 5530 1848 5599 mirantur;

347 5649 425 5735 (ι)
456 5648 590 5717 Quae
624 5663 747 5735 post
776 5669 832 5735 χε
854 5656 1170 5735 λήγεμονίας
1202 5659 1459 5735 leguntur
1495 5680 1670 5735 usque
1704 5669 1768 5723 ad
1806 5688 1855 5726 ν.

276 5734 588 5809 κρατιστον.
616 5723 904 5809 (ηιμ-51),
961 5723 1305 5809 ιιι-ιιιατκὶιιυ
1352 5723 1859 5809 ύοιιιιιιιι’.ψμοείιυ

279 5804 439 5864 signo
468 5792 683 5850 addidit
710 5792 995 5854 librarius.
1027 5792 1322 5870 Dedi'qua:
1357 5804 1461 5874 legi
1492 5792 1855 5876 adttu'c'pute:

1967 4607 2112 4659 enim
2132 4609 2259 4660 oliui
2288 4609 2688 4670 Themistocles
2718 4634 2783 4672 ex
2812 4622 3011 4691 Attica,
3040 4636 3094 4680 et
3120 4626 3420 4711 f’ausanias
3447 4632 3552 4687 La-

1963 4703 2275 4757 cedmtnone
2306 4708 2509 4775 egressi
2562 4709 2831 4780 fecerunt,
2865 4716 2970 4770 duo
3025 4719 3095 4775 de
3136 4703 3327 4780 Xerxe
3382 4726 3547 4784 Persa

1968 4800 2171 4861 tropum
2202 4797 2482 4867 erigenda,
2511 4828 2586 4842 —-
2615 4820 2848 4874 quorum
2881 4826 3022 4867 unus
3065 4815 3281 4883 quidem
3318 4819 3549 4879 classem

1968 4885 2202 4941 hostium
2263 4890 2315 4942 in
2374 4891 2517 4948 freto
2545 4894 2785 4955 Βαίοιὶοο
2825 4901 3043 4969 delevit,
3092 4907 3230 4962 alter
3280 4922 3464 4966 castra
3522 4932 3550 4967 ιι

1969 4976 2254 5034 Herdonio
2295 4983 2483 5039 relicta
2524 4990 2690 5058 cepit,
2723 5022 2791 5032 —
2823 4994 2875 5048 id
2929 5006 2983 5050 tu
3046 5000 3237 5056 melius
3299 5018 3404 5059 una
3466 5008 3553 5063 die

1969 5069 2168 5135 fecisti,
2206 5073 2424 5141 Persas,
2466 5080 2557 5147 qui
2595 5094 2809 5138 nosmet
2840 5090 3080 5156 aggressi
3113 5090 3359 5159 fuerant,
3398 5097 3549 5151 Subi-

1968 5161 2163 5230 geudo.
2201 5165 2350 5220 Alios
2392 5170 2535 5222 enim
2584 5174 2742 5229 undis
2799 5190 2861 5230 ac
2925 5182 3179 5239 intctibus
3234 5188 3402 5241 maris
3455 5189 3553 5243 int-

1970 5256 2229 5323 mersisti,
2262 5260 2401 5317 alios
2432 5273 2490 5316 ut
2520 5264 2763 5324 calamos
2805 5275 2867 5325 ad
2903 5272 3154 5333 Thraciae
3201 5280 3378 5334 littora
3411 5294 3552 5337 stra-

1968 5346 2112 5413 visti,
2169 5351 2305 5405 altos
2332 5369 2561 5411 numero
2596 5360 2781 5428 plures
2841 5368 2994 5422 vivos
3045 5383 3142 5439 cep
3167 5372 3259 5437 sti,
3324 5374 3406 5429 sic
3454 5390 3551 5444 pro

1969 5441 2110 5511 regia
2168 5450 2258 5498 tua
2310 5458 2580 5516 potestate
2624 5454 2823 5525 triplici
2860 5460 3083 5517 victoria
3136 5466 3381 5522 functus.
3411 5441 3552 5523 Olim

1968 5536 2181 5601 quidem
2213 5538 2385 5596 Grzeci
2420 5540 2758 5610 Al'cibiadem
2790 5552 2938 5607 illum
2973 5555 3552 5625 Socraticuut,Cliniw

1968 5685 2091 5728 rant
2118 5696 2133 5743 -,
2184 5681 2446 5739 nonnulla
2478 5687 2625 5743 enim
2654 5690 2722 5743 ab
2758 5690 3131 5773 ittitio_reeisit
3162 5699 3536 5773 _bibli0pegus.

2921 5765 3129 5821 Epiron
3162 5765 3477 5827 LtrStthfs.
